{
    "income_statement": [
        {
            "fiscalDateEnding": "2024-07-27",
            "reportedCurrency": "USD",
            "grossProfit": "34828000000",
            "totalRevenue": "53861000000",
            "costOfRevenue": "33782000000",
            "costofGoodsAndServicesSold": "18975000000",
            "operatingIncome": "12181000000",
            "sellingGeneralAndAdministrative": "13177000000",
            "researchAndDevelopment": "7983000000",
            "operatingExpenses": "22647000000",
            "investmentIncomeNet": "1365000000",
            "netInterestIncome": "359000000",
            "interestIncome": "1365000000",
            "interestExpense": "1006000000",
            "nonInterestIncome": "53736000000",
            "otherNonOperatingIncome": "-306000000",
            "depreciation": "None",
            "depreciationAndAmortization": "698000000",
            "incomeBeforeTax": "12234000000",
            "incomeTaxExpense": "1914000000",
            "interestAndDebtExpense": "1006000000",
            "netIncomeFromContinuingOperations": "10320000000",
            "comprehensiveIncomeNetOfTax": "10465000000",
            "ebit": "12181000000",
            "ebitda": "12879000000",
            "netIncome": "10320000000"
        },
        {
            "fiscalDateEnding": "2023-07-29",
            "reportedCurrency": "USD",
            "grossProfit": "35753000000",
            "totalRevenue": "56682000000",
            "costOfRevenue": "34408000000",
            "costofGoodsAndServicesSold": "21245000000",
            "operatingIncome": "15031000000",
            "sellingGeneralAndAdministrative": "12358000000",
            "researchAndDevelopment": "7551000000",
            "operatingExpenses": "20722000000",
            "investmentIncomeNet": "962000000",
            "netInterestIncome": "-427000000",
            "interestIncome": "962000000",
            "interestExpense": "427000000",
            "nonInterestIncome": "56977000000",
            "otherNonOperatingIncome": "-248000000",
            "depreciation": "None",
            "depreciationAndAmortization": "282000000",
            "incomeBeforeTax": "15318000000",
            "incomeTaxExpense": "2705000000",
            "interestAndDebtExpense": "427000000",
            "netIncomeFromContinuingOperations": "12613000000",
            "comprehensiveIncomeNetOfTax": "12660000000",
            "ebit": "15745000000",
            "ebitda": "16027000000",
            "netIncome": "12613000000"
        },
        {
            "fiscalDateEnding": "2022-07-30",
            "reportedCurrency": "USD",
            "grossProfit": "32248000000",
            "totalRevenue": "51376000000",
            "costOfRevenue": "30820000000",
            "costofGoodsAndServicesSold": "19309000000",
            "operatingIncome": "13969000000",
            "sellingGeneralAndAdministrative": "11186000000",
            "researchAndDevelopment": "6774000000",
            "operatingExpenses": "18279000000",
            "investmentIncomeNet": "476000000",
            "netInterestIncome": "-360000000",
            "interestIncome": "476000000",
            "interestExpense": "360000000",
            "nonInterestIncome": "51566000000",
            "otherNonOperatingIncome": "392000000",
            "depreciation": "None",
            "depreciationAndAmortization": "313000000",
            "incomeBeforeTax": "14477000000",
            "incomeTaxExpense": "2665000000",
            "interestAndDebtExpense": "360000000",
            "netIncomeFromContinuingOperations": "11812000000",
            "comprehensiveIncomeNetOfTax": "10607000000",
            "ebit": "14837000000",
            "ebitda": "15150000000",
            "netIncome": "11812000000"
        },
        {
            "fiscalDateEnding": "2021-07-31",
            "reportedCurrency": "USD",
            "grossProfit": "31894000000",
            "totalRevenue": "49690000000",
            "costOfRevenue": "30409000000",
            "costofGoodsAndServicesSold": "17924000000",
            "operatingIncome": "12833000000",
            "sellingGeneralAndAdministrative": "11411000000",
            "researchAndDevelopment": "6549000000",
            "operatingExpenses": "19061000000",
            "investmentIncomeNet": "618000000",
            "netInterestIncome": "-434000000",
            "interestIncome": "618000000",
            "interestExpense": "434000000",
            "nonInterestIncome": "49871000000",
            "otherNonOperatingIncome": "245000000",
            "depreciation": "None",
            "depreciationAndAmortization": "215000000",
            "incomeBeforeTax": "13262000000",
            "incomeTaxExpense": "2671000000",
            "interestAndDebtExpense": "434000000",
            "netIncomeFromContinuingOperations": "10591000000",
            "comprehensiveIncomeNetOfTax": "10693000000",
            "ebit": "13696000000",
            "ebitda": "13911000000",
            "netIncome": "10591000000"
        },
        {
            "fiscalDateEnding": "2020-07-25",
            "reportedCurrency": "USD",
            "grossProfit": "31683000000",
            "totalRevenue": "48991000000",
            "costOfRevenue": "29372000000",
            "costofGoodsAndServicesSold": "17618000000",
            "operatingIncome": "13620000000",
            "sellingGeneralAndAdministrative": "11094000000",
            "researchAndDevelopment": "6347000000",
            "operatingExpenses": "18063000000",
            "investmentIncomeNet": "920000000",
            "netInterestIncome": "-585000000",
            "interestIncome": "920000000",
            "interestExpense": "585000000",
            "nonInterestIncome": "49330000000",
            "otherNonOperatingIncome": "15000000",
            "depreciation": "None",
            "depreciationAndAmortization": "141000000",
            "incomeBeforeTax": "13970000000",
            "incomeTaxExpense": "2756000000",
            "interestAndDebtExpense": "585000000",
            "netIncomeFromContinuingOperations": "11214000000",
            "comprehensiveIncomeNetOfTax": "11487000000",
            "ebit": "14555000000",
            "ebitda": "14696000000",
            "netIncome": "11214000000"
        },
        {
            "fiscalDateEnding": "2019-07-27",
            "reportedCurrency": "USD",
            "grossProfit": "32666000000",
            "totalRevenue": "51037000000",
            "costOfRevenue": "31092000000",
            "costofGoodsAndServicesSold": "19238000000",
            "operatingIncome": "14219000000",
            "sellingGeneralAndAdministrative": "11398000000",
            "researchAndDevelopment": "6577000000",
            "operatingExpenses": "18447000000",
            "investmentIncomeNet": "1308000000",
            "netInterestIncome": "-859000000",
            "interestIncome": "1308000000",
            "interestExpense": "859000000",
            "nonInterestIncome": "51880000000",
            "otherNonOperatingIncome": "-97000000",
            "depreciation": "None",
            "depreciationAndAmortization": "150000000",
            "incomeBeforeTax": "14571000000",
            "incomeTaxExpense": "2950000000",
            "interestAndDebtExpense": "859000000",
            "netIncomeFromContinuingOperations": "11621000000",
            "comprehensiveIncomeNetOfTax": "11846000000",
            "ebit": "15430000000",
            "ebitda": "15580000000",
            "netIncome": "11621000000"
        },
        {
            "fiscalDateEnding": "2018-07-28",
            "reportedCurrency": "USD",
            "grossProfit": "30606000000",
            "totalRevenue": "49330000000",
            "costOfRevenue": "18724000000",
            "costofGoodsAndServicesSold": "18724000000",
            "operatingIncome": "12309000000",
            "sellingGeneralAndAdministrative": "11386000000",
            "researchAndDevelopment": "6332000000",
            "operatingExpenses": "18297000000",
            "investmentIncomeNet": "1508000000",
            "netInterestIncome": "-943000000",
            "interestIncome": "1508000000",
            "interestExpense": "943000000",
            "nonInterestIncome": "49088000000",
            "otherNonOperatingIncome": "165000000",
            "depreciation": "None",
            "depreciationAndAmortization": "221000000",
            "incomeBeforeTax": "13039000000",
            "incomeTaxExpense": "12929000000",
            "interestAndDebtExpense": "943000000",
            "netIncomeFromContinuingOperations": "110000000",
            "comprehensiveIncomeNetOfTax": "-830000000",
            "ebit": "13982000000",
            "ebitda": "14203000000",
            "netIncome": "110000000"
        },
        {
            "fiscalDateEnding": "2017-07-29",
            "reportedCurrency": "USD",
            "grossProfit": "30224000000",
            "totalRevenue": "48005000000",
            "costOfRevenue": "17781000000",
            "costofGoodsAndServicesSold": "17781000000",
            "operatingIncome": "11973000000",
            "sellingGeneralAndAdministrative": "11177000000",
            "researchAndDevelopment": "6059000000",
            "operatingExpenses": "18251000000",
            "investmentIncomeNet": "1338000000",
            "netInterestIncome": "-861000000",
            "interestIncome": "1338000000",
            "interestExpense": "861000000",
            "nonInterestIncome": "47963000000",
            "otherNonOperatingIncome": "-163000000",
            "depreciation": "None",
            "depreciationAndAmortization": "259000000",
            "incomeBeforeTax": "12287000000",
            "incomeTaxExpense": "2678000000",
            "interestAndDebtExpense": "861000000",
            "netIncomeFromContinuingOperations": "9609000000",
            "comprehensiveIncomeNetOfTax": "9981000000",
            "ebit": "13148000000",
            "ebitda": "13407000000",
            "netIncome": "9609000000"
        },
        {
            "fiscalDateEnding": "2016-07-30",
            "reportedCurrency": "USD",
            "grossProfit": "30960000000",
            "totalRevenue": "49247000000",
            "costOfRevenue": "18287000000",
            "costofGoodsAndServicesSold": "18287000000",
            "operatingIncome": "12660000000",
            "sellingGeneralAndAdministrative": "11433000000",
            "researchAndDevelopment": "6296000000",
            "operatingExpenses": "18300000000",
            "investmentIncomeNet": "1005000000",
            "netInterestIncome": "-676000000",
            "interestIncome": "1005000000",
            "interestExpense": "676000000",
            "nonInterestIncome": "None",
            "otherNonOperatingIncome": "-69000000",
            "depreciation": "None",
            "depreciationAndAmortization": "303000000",
            "incomeBeforeTax": "12920000000",
            "incomeTaxExpense": "2181000000",
            "interestAndDebtExpense": "676000000",
            "netIncomeFromContinuingOperations": "10739000000",
            "comprehensiveIncomeNetOfTax": "10352000000",
            "ebit": "13596000000",
            "ebitda": "13899000000",
            "netIncome": "10739000000"
        },
        {
            "fiscalDateEnding": "2015-07-25",
            "reportedCurrency": "USD",
            "grossProfit": "29681000000",
            "totalRevenue": "49161000000",
            "costOfRevenue": "19480000000",
            "costofGoodsAndServicesSold": "19480000000",
            "operatingIncome": "10770000000",
            "sellingGeneralAndAdministrative": "11861000000",
            "researchAndDevelopment": "6207000000",
            "operatingExpenses": "18911000000",
            "investmentIncomeNet": "769000000",
            "netInterestIncome": "-566000000",
            "interestIncome": "296000000",
            "interestExpense": "566000000",
            "nonInterestIncome": "None",
            "otherNonOperatingIncome": "228000000",
            "depreciation": "None",
            "depreciationAndAmortization": "359000000",
            "incomeBeforeTax": "11201000000",
            "incomeTaxExpense": "2220000000",
            "interestAndDebtExpense": "566000000",
            "netIncomeFromContinuingOperations": "8981000000",
            "comprehensiveIncomeNetOfTax": "8365000000",
            "ebit": "11767000000",
            "ebitda": "12126000000",
            "netIncome": "8981000000"
        },
        {
            "fiscalDateEnding": "2014-07-26",
            "reportedCurrency": "USD",
            "grossProfit": "27769000000",
            "totalRevenue": "47142000000",
            "costOfRevenue": "19373000000",
            "costofGoodsAndServicesSold": "19373000000",
            "operatingIncome": "9345000000",
            "sellingGeneralAndAdministrative": "11437000000",
            "researchAndDevelopment": "6294000000",
            "operatingExpenses": "18424000000",
            "investmentIncomeNet": "691000000",
            "netInterestIncome": "-564000000",
            "interestIncome": "None",
            "interestExpense": "564000000",
            "nonInterestIncome": "None",
            "otherNonOperatingIncome": "243000000",
            "depreciation": "None",
            "depreciationAndAmortization": "275000000",
            "incomeBeforeTax": "9715000000",
            "incomeTaxExpense": "1862000000",
            "interestAndDebtExpense": "564000000",
            "netIncomeFromContinuingOperations": "7853000000",
            "comprehensiveIncomeNetOfTax": "7922000000",
            "ebit": "10279000000",
            "ebitda": "10554000000",
            "netIncome": "7853000000"
        },
        {
            "fiscalDateEnding": "2013-07-27",
            "reportedCurrency": "USD",
            "grossProfit": "29440000000",
            "totalRevenue": "48607000000",
            "costOfRevenue": "19167000000",
            "costofGoodsAndServicesSold": "19167000000",
            "operatingIncome": "11196000000",
            "sellingGeneralAndAdministrative": "11802000000",
            "researchAndDevelopment": "5942000000",
            "operatingExpenses": "18244000000",
            "investmentIncomeNet": "654000000",
            "netInterestIncome": "-583000000",
            "interestIncome": "None",
            "interestExpense": "583000000",
            "nonInterestIncome": "48000000",
            "otherNonOperatingIncome": "-40000000",
            "depreciation": "None",
            "depreciationAndAmortization": "395000000",
            "incomeBeforeTax": "11227000000",
            "incomeTaxExpense": "1244000000",
            "interestAndDebtExpense": "583000000",
            "netIncomeFromContinuingOperations": "9983000000",
            "comprehensiveIncomeNetOfTax": "9930000000",
            "ebit": "11810000000",
            "ebitda": "12205000000",
            "netIncome": "9983000000"
        },
        {
            "fiscalDateEnding": "2012-07-28",
            "reportedCurrency": "USD",
            "grossProfit": "28209000000",
            "totalRevenue": "46061000000",
            "costOfRevenue": "17852000000",
            "costofGoodsAndServicesSold": "17852000000",
            "operatingIncome": "10065000000",
            "sellingGeneralAndAdministrative": "11969000000",
            "researchAndDevelopment": "5488000000",
            "operatingExpenses": "18144000000",
            "investmentIncomeNet": "650000000",
            "netInterestIncome": "-596000000",
            "interestIncome": "None",
            "interestExpense": "596000000",
            "nonInterestIncome": "101000000",
            "otherNonOperatingIncome": "40000000",
            "depreciation": "None",
            "depreciationAndAmortization": "383000000",
            "incomeBeforeTax": "10159000000",
            "incomeTaxExpense": "2118000000",
            "interestAndDebtExpense": "596000000",
            "netIncomeFromContinuingOperations": "18040000000",
            "comprehensiveIncomeNetOfTax": "7408000000",
            "ebit": "10755000000",
            "ebitda": "11138000000",
            "netIncome": "8041000000"
        },
        {
            "fiscalDateEnding": "2011-07-30",
            "reportedCurrency": "USD",
            "grossProfit": "26536000000",
            "totalRevenue": "43218000000",
            "costOfRevenue": "16682000000",
            "costofGoodsAndServicesSold": "16682000000",
            "operatingIncome": "7674000000",
            "sellingGeneralAndAdministrative": "11720000000",
            "researchAndDevelopment": "5823000000",
            "operatingExpenses": "18862000000",
            "investmentIncomeNet": "641000000",
            "netInterestIncome": "-628000000",
            "interestIncome": "None",
            "interestExpense": "628000000",
            "nonInterestIncome": "179000000",
            "otherNonOperatingIncome": "138000000",
            "depreciation": "None",
            "depreciationAndAmortization": "520000000",
            "incomeBeforeTax": "7825000000",
            "incomeTaxExpense": "1335000000",
            "interestAndDebtExpense": "628000000",
            "netIncomeFromContinuingOperations": "14315000000",
            "comprehensiveIncomeNetOfTax": "7161000000",
            "ebit": "8453000000",
            "ebitda": "8973000000",
            "netIncome": "6490000000"
        },
        {
            "fiscalDateEnding": "2010-07-31",
            "reportedCurrency": "USD",
            "grossProfit": "25643000000",
            "totalRevenue": "40040000000",
            "costOfRevenue": "14397000000",
            "costofGoodsAndServicesSold": "14397000000",
            "operatingIncome": "9164000000",
            "sellingGeneralAndAdministrative": "10715000000",
            "researchAndDevelopment": "0",
            "operatingExpenses": "16479000000",
            "investmentIncomeNet": "635000000",
            "netInterestIncome": "-623000000",
            "interestIncome": "None",
            "interestExpense": "623000000",
            "nonInterestIncome": "None",
            "otherNonOperatingIncome": "239000000",
            "depreciation": "None",
            "depreciationAndAmortization": "491000000",
            "incomeBeforeTax": "9415000000",
            "incomeTaxExpense": "1648000000",
            "interestAndDebtExpense": "623000000",
            "netIncomeFromContinuingOperations": "7767000000",
            "comprehensiveIncomeNetOfTax": "7955000000",
            "ebit": "10038000000",
            "ebitda": "10529000000",
            "netIncome": "7767000000"
        }
    ],
    "overview": {
        "Symbol": "CSCO",
        "AssetType": "Common Stock",
        "Name": "Cisco Systems Inc",
        "Description": "Cisco Systems, Inc. is an American multinational technology conglomerate headquartered in San Jose, California, in the center of Silicon Valley. Cisco develops, manufactures and sells networking hardware, software, telecommunications equipment and other high-technology services and products. Through its numerous acquired subsidiaries, such as OpenDNS, Webex, Jabber and Jasper, Cisco specializes in specific tech markets, such as the Internet of Things (IoT), domain security and energy management. On January 25, 2021, Cisco reincorporated in Delaware.",
        "CIK": "858877",
        "Exchange": "NASDAQ",
        "Currency": "USD",
        "Country": "USA",
        "Sector": "TECHNOLOGY",
        "Industry": "COMPUTER COMMUNICATIONS EQUIPMENT",
        "Address": "170 WEST TASMAN DR, SAN JOSE, CA, US",
        "OfficialSite": "https://www.cisco.com",
        "FiscalYearEnd": "July",
        "LatestQuarter": "2024-07-31",
        "MarketCapitalization": "198738346000",
        "EBITDA": "15282000000",
        "PERatio": "19.61",
        "PEGRatio": "2.417",
        "BookValue": "11.34",
        "DividendPerShare": "1.58",
        "DividendYield": "0.0321",
        "EPS": "2.54",
        "RevenuePerShareTTM": "13.31",
        "ProfitMargin": "0.192",
        "OperatingMarginTTM": "0.2",
        "ReturnOnAssetsTTM": "0.0722",
        "ReturnOnEquityTTM": "0.23",
        "RevenueTTM": "53803000000",
        "GrossProfitTTM": "35753000000",
        "DilutedEPSTTM": "2.54",
        "QuarterlyEarningsGrowthYOY": "-0.439",
        "QuarterlyRevenueGrowthYOY": "-0.103",
        "AnalystTargetPrice": "55.54",
        "AnalystRatingStrongBuy": "5",
        "AnalystRatingBuy": "3",
        "AnalystRatingHold": "21",
        "AnalystRatingSell": "0",
        "AnalystRatingStrongSell": "0",
        "TrailingPE": "19.61",
        "ForwardPE": "14.03",
        "PriceToSalesRatioTTM": "3.694",
        "PriceToBookRatio": "4.372",
        "EVToRevenue": "3.937",
        "EVToEBITDA": "13.45",
        "Beta": "0.819",
        "52WeekHigh": "54.52",
        "52WeekLow": "44.5",
        "50DayMovingAverage": "47.97",
        "200DayMovingAverage": "48.54",
        "SharesOutstanding": "3990730000",
        "DividendDate": "2024-10-23",
        "ExDividendDate": "2024-10-02"
    }
}