{
    "income_statement": [
        {
            "fiscalDateEnding": "2024-02-03",
            "reportedCurrency": "USD",
            "grossProfit": "9309600000",
            "totalRevenue": "30603800000",
            "costOfRevenue": "21294200000",
            "costofGoodsAndServicesSold": "21272000000",
            "operatingIncome": "-881800000",
            "sellingGeneralAndAdministrative": "9144600000",
            "researchAndDevelopment": "None",
            "operatingExpenses": "9158600000",
            "investmentIncomeNet": "None",
            "netInterestIncome": "-5900000",
            "interestIncome": "None",
            "interestExpense": "5900000",
            "nonInterestIncome": "30581600000",
            "otherNonOperatingIncome": "-100000",
            "depreciation": "819100000",
            "depreciationAndAmortization": "841000000",
            "incomeBeforeTax": "-988700000",
            "incomeTaxExpense": "9700000",
            "interestAndDebtExpense": "5900000",
            "netIncomeFromContinuingOperations": "-998400000",
            "comprehensiveIncomeNetOfTax": "-1000800000",
            "ebit": "-881800000",
            "ebitda": "1539700000",
            "netIncome": "-998400000"
        },
        {
            "fiscalDateEnding": "2023-01-28",
            "reportedCurrency": "USD",
            "grossProfit": "8921900000",
            "totalRevenue": "28331700000",
            "costOfRevenue": "19409800000",
            "costofGoodsAndServicesSold": "19396300000",
            "operatingIncome": "2236300000",
            "sellingGeneralAndAdministrative": "6699100000",
            "researchAndDevelopment": "None",
            "operatingExpenses": "223900000",
            "investmentIncomeNet": "None",
            "netInterestIncome": "-3800000",
            "interestIncome": "None",
            "interestExpense": "3800000",
            "nonInterestIncome": "28318200000",
            "otherNonOperatingIncome": "-400000",
            "depreciation": "737400000",
            "depreciationAndAmortization": "767300000",
            "incomeBeforeTax": "2110600000",
            "incomeTaxExpense": "495200000",
            "interestAndDebtExpense": "3800000",
            "netIncomeFromContinuingOperations": "1615400000",
            "comprehensiveIncomeNetOfTax": "1609400000",
            "ebit": "2236300000",
            "ebitda": "3003800000",
            "netIncome": "1615400000"
        },
        {
            "fiscalDateEnding": "2022-01-29",
            "reportedCurrency": "USD",
            "grossProfit": "7725900000",
            "totalRevenue": "26321200000",
            "costOfRevenue": "18595300000",
            "costofGoodsAndServicesSold": "18583900000",
            "operatingIncome": "1811400000",
            "sellingGeneralAndAdministrative": "5925900000",
            "researchAndDevelopment": "None",
            "operatingExpenses": "5934200000",
            "investmentIncomeNet": "None",
            "netInterestIncome": "-1100000",
            "interestIncome": "None",
            "interestExpense": "1100000",
            "nonInterestIncome": "26266000000",
            "otherNonOperatingIncome": "-300000",
            "depreciation": "672000000",
            "depreciationAndAmortization": "710500000",
            "incomeBeforeTax": "1632200000",
            "incomeTaxExpense": "304300000",
            "interestAndDebtExpense": "44900000",
            "netIncomeFromContinuingOperations": "1327900000",
            "comprehensiveIncomeNetOfTax": "1327900000",
            "ebit": "1811400000",
            "ebitda": "2527100000",
            "netIncome": "1327900000"
        },
        {
            "fiscalDateEnding": "2021-01-30",
            "reportedCurrency": "USD",
            "grossProfit": "7787400000",
            "totalRevenue": "25509300000",
            "costOfRevenue": "17721900000",
            "costofGoodsAndServicesSold": "17721000000",
            "operatingIncome": "1887900000",
            "sellingGeneralAndAdministrative": "5900400000",
            "researchAndDevelopment": "None",
            "operatingExpenses": "5908800000",
            "investmentIncomeNet": "None",
            "netInterestIncome": "-3200000",
            "interestIncome": "None",
            "interestExpense": "3200000",
            "nonInterestIncome": "25509300000",
            "otherNonOperatingIncome": "-800000",
            "depreciation": "631100000",
            "depreciationAndAmortization": "679200000",
            "incomeBeforeTax": "1739800000",
            "incomeTaxExpense": "397900000",
            "interestAndDebtExpense": "3200000",
            "netIncomeFromContinuingOperations": "1341900000",
            "comprehensiveIncomeNetOfTax": "1346500000",
            "ebit": "1887900000",
            "ebitda": "2573700000",
            "netIncome": "1341900000"
        },
        {
            "fiscalDateEnding": "2020-02-01",
            "reportedCurrency": "USD",
            "grossProfit": "7040700000",
            "totalRevenue": "23610800000",
            "costOfRevenue": "16570100000",
            "costofGoodsAndServicesSold": "16570100000",
            "operatingIncome": "1262200000",
            "sellingGeneralAndAdministrative": "5465500000",
            "researchAndDevelopment": "None",
            "operatingExpenses": "5796100000",
            "investmentIncomeNet": "None",
            "netInterestIncome": "-2400000",
            "interestIncome": "None",
            "interestExpense": "2400000",
            "nonInterestIncome": "23610800000",
            "otherNonOperatingIncome": "-1400000",
            "depreciation": "581900000",
            "depreciationAndAmortization": "957000000",
            "incomeBeforeTax": "1098700000",
            "incomeTaxExpense": "271700000",
            "interestAndDebtExpense": "2400000",
            "netIncomeFromContinuingOperations": "827000000",
            "comprehensiveIncomeNetOfTax": "825500000",
            "ebit": "1262200000",
            "ebitda": "2219200000",
            "netIncome": "827000000"
        },
        {
            "fiscalDateEnding": "2019-02-02",
            "reportedCurrency": "USD",
            "grossProfit": "6947500000",
            "totalRevenue": "22704400000",
            "costOfRevenue": "23775800000",
            "costofGoodsAndServicesSold": "15875800000",
            "operatingIncome": "-939500000",
            "sellingGeneralAndAdministrative": "5160000000",
            "researchAndDevelopment": "None",
            "operatingExpenses": "7900000000",
            "investmentIncomeNet": "None",
            "netInterestIncome": "-370000000",
            "interestIncome": "-365800000",
            "interestExpense": "4200000",
            "nonInterestIncome": "22708600000",
            "otherNonOperatingIncome": "500000",
            "depreciation": "555700000",
            "depreciationAndAmortization": "621100000",
            "incomeBeforeTax": "-1309000000",
            "incomeTaxExpense": "281800000",
            "interestAndDebtExpense": "118900000",
            "netIncomeFromContinuingOperations": "-1590800000",
            "comprehensiveIncomeNetOfTax": "-1596800000",
            "ebit": "-939500000",
            "ebitda": "2409100000",
            "netIncome": "-1590800000"
        },
        {
            "fiscalDateEnding": "2018-02-03",
            "reportedCurrency": "USD",
            "grossProfit": "7021900000",
            "totalRevenue": "21943700000",
            "costOfRevenue": "20334100000",
            "costofGoodsAndServicesSold": "15223600000",
            "operatingIncome": "1999100000",
            "sellingGeneralAndAdministrative": "5004300000",
            "researchAndDevelopment": "None",
            "operatingExpenses": "5110500000",
            "investmentIncomeNet": "None",
            "netInterestIncome": "-301800000",
            "interestIncome": "-299500000",
            "interestExpense": "2300000",
            "nonInterestIncome": "22245500000",
            "otherNonOperatingIncome": "6700000",
            "depreciation": "542000000",
            "depreciationAndAmortization": "69200000",
            "incomeBeforeTax": "1704000000",
            "incomeTaxExpense": "-10300000",
            "interestAndDebtExpense": "2300000",
            "netIncomeFromContinuingOperations": "1714300000",
            "comprehensiveIncomeNetOfTax": "1719600000",
            "ebit": "1999100000",
            "ebitda": "1775500000",
            "netIncome": "1714300000"
        },
        {
            "fiscalDateEnding": "2017-01-28",
            "reportedCurrency": "USD",
            "grossProfit": "6394700000",
            "totalRevenue": "20343700000",
            "costOfRevenue": "19018100000",
            "costofGoodsAndServicesSold": "14324500000",
            "operatingIncome": "1704800000",
            "sellingGeneralAndAdministrative": "4689900000",
            "researchAndDevelopment": "None",
            "operatingExpenses": "4693600000",
            "investmentIncomeNet": "None",
            "netInterestIncome": "-375500000",
            "interestIncome": "-373100000",
            "interestExpense": "2400000",
            "nonInterestIncome": "20719200000",
            "otherNonOperatingIncome": "100000",
            "depreciation": "561800000",
            "depreciationAndAmortization": "75700000",
            "incomeBeforeTax": "1329400000",
            "incomeTaxExpense": "433200000",
            "interestAndDebtExpense": "2400000",
            "netIncomeFromContinuingOperations": "896200000",
            "comprehensiveIncomeNetOfTax": "901700000",
            "ebit": "1704800000",
            "ebitda": "1407500000",
            "netIncome": "896200000"
        },
        {
            "fiscalDateEnding": "2016-01-30",
            "reportedCurrency": "USD",
            "grossProfit": "4656700000",
            "totalRevenue": "14899000000",
            "costOfRevenue": "14450300000",
            "costofGoodsAndServicesSold": "10841700000",
            "operatingIncome": "1049700000",
            "sellingGeneralAndAdministrative": "3607000000",
            "researchAndDevelopment": "None",
            "operatingExpenses": "3608600000",
            "investmentIncomeNet": "None",
            "netInterestIncome": "-599400000",
            "interestIncome": "-598100000",
            "interestExpense": "1300000",
            "nonInterestIncome": "None",
            "otherNonOperatingIncome": "-2100000",
            "depreciation": "442100000",
            "depreciationAndAmortization": "487600000",
            "incomeBeforeTax": "448200000",
            "incomeTaxExpense": "165800000",
            "interestAndDebtExpense": "1300000",
            "netIncomeFromContinuingOperations": "282400000",
            "comprehensiveIncomeNetOfTax": "273400000",
            "ebit": "1049700000",
            "ebitda": "1535200000",
            "netIncome": "282400000"
        },
        {
            "fiscalDateEnding": "2015-01-31",
            "reportedCurrency": "USD",
            "grossProfit": "3034000000",
            "totalRevenue": "8522100000",
            "costOfRevenue": "7638700000",
            "costofGoodsAndServicesSold": "5568200000",
            "operatingIncome": "1040200000",
            "sellingGeneralAndAdministrative": "1993800000",
            "researchAndDevelopment": "None",
            "operatingExpenses": "2070500000",
            "investmentIncomeNet": "None",
            "netInterestIncome": "-80100000",
            "interestIncome": "None",
            "interestExpense": "33400000",
            "nonInterestIncome": "None",
            "otherNonOperatingIncome": "-5900000",
            "depreciation": "206000000",
            "depreciationAndAmortization": "205900000",
            "incomeBeforeTax": "954200000",
            "incomeTaxExpense": "355000000",
            "interestAndDebtExpense": "None",
            "netIncomeFromContinuingOperations": "599200000",
            "comprehensiveIncomeNetOfTax": "582000000",
            "ebit": "1040200000",
            "ebitda": "1268700000",
            "netIncome": "599200000"
        },
        {
            "fiscalDateEnding": "2014-02-01",
            "reportedCurrency": "USD",
            "grossProfit": "2789800000",
            "totalRevenue": "7824900000",
            "costOfRevenue": "6870500000",
            "costofGoodsAndServicesSold": "5050500000",
            "operatingIncome": "970300000",
            "sellingGeneralAndAdministrative": "1819500000",
            "researchAndDevelopment": "None",
            "operatingExpenses": "1820000000",
            "investmentIncomeNet": "None",
            "netInterestIncome": "-15400000",
            "interestIncome": "None",
            "interestExpense": "15400000",
            "nonInterestIncome": "None",
            "otherNonOperatingIncome": "-600000",
            "depreciation": "190700000",
            "depreciationAndAmortization": "190500000",
            "incomeBeforeTax": "954300000",
            "incomeTaxExpense": "357600000",
            "interestAndDebtExpense": "None",
            "netIncomeFromContinuingOperations": "596700000",
            "comprehensiveIncomeNetOfTax": "581300000",
            "ebit": "970300000",
            "ebitda": "1160200000",
            "netIncome": "596700000"
        },
        {
            "fiscalDateEnding": "2013-02-02",
            "reportedCurrency": "USD",
            "grossProfit": "2652700000",
            "totalRevenue": "7392100000",
            "costOfRevenue": "6474900000",
            "costofGoodsAndServicesSold": "4741800000",
            "operatingIncome": "920100000",
            "sellingGeneralAndAdministrative": "1732600000",
            "researchAndDevelopment": "None",
            "operatingExpenses": "1672300000",
            "investmentIncomeNet": "None",
            "netInterestIncome": "-2800000",
            "interestIncome": "None",
            "interestExpense": "2800000",
            "nonInterestIncome": "400000",
            "otherNonOperatingIncome": "61600000",
            "depreciation": "175400000",
            "depreciationAndAmortization": "175300000",
            "incomeBeforeTax": "978900000",
            "incomeTaxExpense": "359600000",
            "interestAndDebtExpense": "None",
            "netIncomeFromContinuingOperations": "619300000",
            "comprehensiveIncomeNetOfTax": "618400000",
            "ebit": "920100000",
            "ebitda": "1157000000",
            "netIncome": "619300000"
        },
        {
            "fiscalDateEnding": "2012-01-28",
            "reportedCurrency": "USD",
            "grossProfit": "2378300000",
            "totalRevenue": "6627600000",
            "costOfRevenue": "5849300000",
            "costofGoodsAndServicesSold": "4252200000",
            "operatingIncome": "782100000",
            "sellingGeneralAndAdministrative": "1596200000",
            "researchAndDevelopment": "None",
            "operatingExpenses": "1628100000",
            "investmentIncomeNet": "None",
            "netInterestIncome": "-2900000",
            "interestIncome": "None",
            "interestExpense": "2900000",
            "nonInterestIncome": "-200000",
            "otherNonOperatingIncome": "300000",
            "depreciation": "164200000",
            "depreciationAndAmortization": "163900000",
            "incomeBeforeTax": "779500000",
            "incomeTaxExpense": "291200000",
            "interestAndDebtExpense": "None",
            "netIncomeFromContinuingOperations": "488300000",
            "comprehensiveIncomeNetOfTax": "488100000",
            "ebit": "782100000",
            "ebitda": "946300000",
            "netIncome": "488300000"
        },
        {
            "fiscalDateEnding": "2011-01-29",
            "reportedCurrency": "USD",
            "grossProfit": "2087600000",
            "totalRevenue": "5876800000",
            "costOfRevenue": "5253500000",
            "costofGoodsAndServicesSold": "3794800000",
            "operatingIncome": "630000000",
            "sellingGeneralAndAdministrative": "1457600000",
            "researchAndDevelopment": "None",
            "operatingExpenses": "1486600000",
            "investmentIncomeNet": "None",
            "netInterestIncome": "-5600000",
            "interestIncome": "None",
            "interestExpense": "100000",
            "nonInterestIncome": "None",
            "otherNonOperatingIncome": "5500000",
            "depreciation": "159700000",
            "depreciationAndAmortization": "159700000",
            "incomeBeforeTax": "629900000",
            "incomeTaxExpense": "232600000",
            "interestAndDebtExpense": "None",
            "netIncomeFromContinuingOperations": "397300000",
            "comprehensiveIncomeNetOfTax": "399300000",
            "ebit": "630000000",
            "ebitda": "795200000",
            "netIncome": "397300000"
        }
    ],
    "overview": {
        "Symbol": "DLTR",
        "AssetType": "Common Stock",
        "Name": "Dollar Tree Inc",
        "Description": "Dollar Tree is an American chain of discount variety stores that sells items for $1 or less, headquartered in Chesapeake, Virginia.",
        "CIK": "935703",
        "Exchange": "NASDAQ",
        "Currency": "USD",
        "Country": "USA",
        "Sector": "TRADE & SERVICES",
        "Industry": "RETAIL-VARIETY STORES",
        "Address": "500 VOLVO PARKWAY, N/A, CHESAPEAKE, VA, US",
        "OfficialSite": "https://www.dollartree.com",
        "FiscalYearEnd": "January",
        "LatestQuarter": "2024-07-31",
        "MarketCapitalization": "14984942000",
        "EBITDA": "2604700000",
        "PERatio": "None",
        "PEGRatio": "1.053",
        "BookValue": "34.33",
        "DividendPerShare": "None",
        "DividendYield": "None",
        "EPS": "-4.81",
        "RevenuePerShareTTM": "142.44",
        "ProfitMargin": "-0.0344",
        "OperatingMarginTTM": "0.0275",
        "ReturnOnAssetsTTM": "0.0457",
        "ReturnOnEquityTTM": "-0.13",
        "RevenueTTM": "30966301000",
        "GrossProfitTTM": "8935400000",
        "DilutedEPSTTM": "-4.81",
        "QuarterlyEarningsGrowthYOY": "-0.323",
        "QuarterlyRevenueGrowthYOY": "0.007",
        "AnalystTargetPrice": "83.96",
        "AnalystRatingStrongBuy": "1",
        "AnalystRatingBuy": "13",
        "AnalystRatingHold": "13",
        "AnalystRatingSell": "1",
        "AnalystRatingStrongSell": "0",
        "TrailingPE": "-",
        "ForwardPE": "12.36",
        "PriceToSalesRatioTTM": "0.484",
        "PriceToBookRatio": "2.031",
        "EVToRevenue": "0.814",
        "EVToEBITDA": "13.87",
        "Beta": "0.872",
        "52WeekHigh": "151.22",
        "52WeekLow": "60.82",
        "50DayMovingAverage": "94.37",
        "200DayMovingAverage": "119.38",
        "SharesOutstanding": "214992000",
        "DividendDate": "None",
        "ExDividendDate": "None"
    }
}