{
    "income_statement": [
        {
            "fiscalDateEnding": "2023-12-31",
            "reportedCurrency": "USD",
            "grossProfit": "13823000000",
            "totalRevenue": "176191000000",
            "costOfRevenue": "162368000000",
            "costofGoodsAndServicesSold": "150550000000",
            "operatingIncome": "5458000000",
            "sellingGeneralAndAdministrative": "10702000000",
            "researchAndDevelopment": "8200000000",
            "operatingExpenses": "22012000000",
            "investmentIncomeNet": "1567000000",
            "netInterestIncome": "-7613000000",
            "interestIncome": "1434000000",
            "interestExpense": "7613000000",
            "nonInterestIncome": "176266000000",
            "otherNonOperatingIncome": "59000000",
            "depreciation": "7690000000",
            "depreciationAndAmortization": "3105000000",
            "incomeBeforeTax": "3985000000",
            "incomeTaxExpense": "-362000000",
            "interestAndDebtExpense": "7613000000",
            "netIncomeFromContinuingOperations": "4329000000",
            "comprehensiveIncomeNetOfTax": "4644000000",
            "ebit": "11598000000",
            "ebitda": "14703000000",
            "netIncome": "4347000000"
        },
        {
            "fiscalDateEnding": "2022-12-31",
            "reportedCurrency": "USD",
            "grossProfit": "8502000000",
            "totalRevenue": "158057000000",
            "costOfRevenue": "149555000000",
            "costofGoodsAndServicesSold": "134397000000",
            "operatingIncome": "6276000000",
            "sellingGeneralAndAdministrative": "10888000000",
            "researchAndDevelopment": "7800000000",
            "operatingExpenses": "21723000000",
            "investmentIncomeNet": "639000000",
            "netInterestIncome": "-4593000000",
            "interestIncome": "4142000000",
            "interestExpense": "4593000000",
            "nonInterestIncome": "158116000000",
            "otherNonOperatingIncome": "201000000",
            "depreciation": "7642000000",
            "depreciationAndAmortization": "2938000000",
            "incomeBeforeTax": "-2845000000",
            "incomeTaxExpense": "-864000000",
            "interestAndDebtExpense": "4714000000",
            "netIncomeFromContinuingOperations": "-2152000000",
            "comprehensiveIncomeNetOfTax": "-2981000000",
            "ebit": "6276000000",
            "ebitda": "4686000000",
            "netIncome": "-1981000000"
        },
        {
            "fiscalDateEnding": "2021-12-31",
            "reportedCurrency": "USD",
            "grossProfit": "1008000000",
            "totalRevenue": "136341000000",
            "costOfRevenue": "135333000000",
            "costofGoodsAndServicesSold": "114651000000",
            "operatingIncome": "4523000000",
            "sellingGeneralAndAdministrative": "11915000000",
            "researchAndDevelopment": "7600000000",
            "operatingExpenses": "22215000000",
            "investmentIncomeNet": "254000000",
            "netInterestIncome": "-4593000000",
            "interestIncome": "261000000",
            "interestExpense": "4593000000",
            "nonInterestIncome": "134565000000",
            "otherNonOperatingIncome": "31000000",
            "depreciation": "7318000000",
            "depreciationAndAmortization": "3020000000",
            "incomeBeforeTax": "17807000000",
            "incomeTaxExpense": "-130000000",
            "interestAndDebtExpense": "6295000000",
            "netIncomeFromContinuingOperations": "17910000000",
            "comprehensiveIncomeNetOfTax": "17892000000",
            "ebit": "4523000000",
            "ebitda": "25420000000",
            "netIncome": "17937000000"
        },
        {
            "fiscalDateEnding": "2020-12-31",
            "reportedCurrency": "USD",
            "grossProfit": "-800000000",
            "totalRevenue": "127144000000",
            "costOfRevenue": "127944000000",
            "costofGoodsAndServicesSold": "112752000000",
            "operatingIncome": "-4408000000",
            "sellingGeneralAndAdministrative": "10193000000",
            "researchAndDevelopment": "7100000000",
            "operatingExpenses": "17848000000",
            "investmentIncomeNet": "452000000",
            "netInterestIncome": "-5051000000",
            "interestIncome": "450000000",
            "interestExpense": "5051000000",
            "nonInterestIncome": "127168000000",
            "otherNonOperatingIncome": "117000000",
            "depreciation": "8751000000",
            "depreciationAndAmortization": "2819000000",
            "incomeBeforeTax": "-1119000000",
            "incomeTaxExpense": "160000000",
            "interestAndDebtExpense": "5052000000",
            "netIncomeFromContinuingOperations": "-1276000000",
            "comprehensiveIncomeNetOfTax": "-1845000000",
            "ebit": "-4408000000",
            "ebitda": "6751000000",
            "netIncome": "-1279000000"
        },
        {
            "fiscalDateEnding": "2019-12-31",
            "reportedCurrency": "USD",
            "grossProfit": "3763000000",
            "totalRevenue": "155900000000",
            "costOfRevenue": "152137000000",
            "costofGoodsAndServicesSold": "134693000000",
            "operatingIncome": "574000000",
            "sellingGeneralAndAdministrative": "11161000000",
            "researchAndDevelopment": "7400000000",
            "operatingExpenses": "22800000000",
            "investmentIncomeNet": "809000000",
            "netInterestIncome": "-5409000000",
            "interestIncome": "809000000",
            "interestExpense": "5409000000",
            "nonInterestIncome": "155953000000",
            "otherNonOperatingIncome": "106000000",
            "depreciation": "9689000000",
            "depreciationAndAmortization": "3464000000",
            "incomeBeforeTax": "-677000000",
            "incomeTaxExpense": "-724000000",
            "interestAndDebtExpense": "5464000000",
            "netIncomeFromContinuingOperations": "84000000",
            "comprehensiveIncomeNetOfTax": "-315000000",
            "ebit": "574000000",
            "ebitda": "8196000000",
            "netIncome": "47000000"
        },
        {
            "fiscalDateEnding": "2018-12-31",
            "reportedCurrency": "USD",
            "grossProfit": "12239000000",
            "totalRevenue": "160338000000",
            "costOfRevenue": "148099000000",
            "costofGoodsAndServicesSold": "136269000000",
            "operatingIncome": "3203000000",
            "sellingGeneralAndAdministrative": "11403000000",
            "researchAndDevelopment": "8200000000",
            "operatingExpenses": "19603000000",
            "investmentIncomeNet": "667000000",
            "netInterestIncome": "-5157000000",
            "interestIncome": "700000000",
            "interestExpense": "5157000000",
            "nonInterestIncome": "160217000000",
            "otherNonOperatingIncome": "113000000",
            "depreciation": "9385000000",
            "depreciationAndAmortization": "2504000000",
            "incomeBeforeTax": "4327000000",
            "incomeTaxExpense": "650000000",
            "interestAndDebtExpense": "5157000000",
            "netIncomeFromContinuingOperations": "3695000000",
            "comprehensiveIncomeNetOfTax": "3270000000",
            "ebit": "3203000000",
            "ebitda": "11988000000",
            "netIncome": "3677000000"
        },
        {
            "fiscalDateEnding": "2017-12-31",
            "reportedCurrency": "USD",
            "grossProfit": "4813000000",
            "totalRevenue": "156776000000",
            "costOfRevenue": "151963000000",
            "costofGoodsAndServicesSold": "131321000000",
            "operatingIncome": "4881000000",
            "sellingGeneralAndAdministrative": "11527000000",
            "researchAndDevelopment": "8000000000",
            "operatingExpenses": "19527000000",
            "investmentIncomeNet": "459000000",
            "netInterestIncome": "-1133000000",
            "interestIncome": "3231000000",
            "interestExpense": "4364000000",
            "nonInterestIncome": "157083000000",
            "otherNonOperatingIncome": "380000000",
            "depreciation": "9241000000",
            "depreciationAndAmortization": "2292000000",
            "incomeBeforeTax": "8004000000",
            "incomeTaxExpense": "402000000",
            "interestAndDebtExpense": "1133000000",
            "netIncomeFromContinuingOperations": "7628000000",
            "comprehensiveIncomeNetOfTax": "7785000000",
            "ebit": "4881000000",
            "ebitda": "14660000000",
            "netIncome": "7602000000"
        },
        {
            "fiscalDateEnding": "2016-12-31",
            "reportedCurrency": "USD",
            "grossProfit": "4116000000",
            "totalRevenue": "151800000000",
            "costOfRevenue": "147684000000",
            "costofGoodsAndServicesSold": "126195000000",
            "operatingIncome": "-15380000000",
            "sellingGeneralAndAdministrative": "10972000000",
            "researchAndDevelopment": "7300000000",
            "operatingExpenses": "19496000000",
            "investmentIncomeNet": "291000000",
            "netInterestIncome": "-894000000",
            "interestIncome": "294000000",
            "interestExpense": "894000000",
            "nonInterestIncome": "307000000",
            "otherNonOperatingIncome": "489000000",
            "depreciation": "2130000000",
            "depreciationAndAmortization": "8717000000",
            "incomeBeforeTax": "6780000000",
            "incomeTaxExpense": "2184000000",
            "interestAndDebtExpense": "894000000",
            "netIncomeFromContinuingOperations": "4607000000",
            "comprehensiveIncomeNetOfTax": "3833000000",
            "ebit": "7674000000",
            "ebitda": "25169000000",
            "netIncome": "4596000000"
        },
        {
            "fiscalDateEnding": "2015-12-31",
            "reportedCurrency": "USD",
            "grossProfit": "10545000000",
            "totalRevenue": "149558000000",
            "costOfRevenue": "139013000000",
            "costofGoodsAndServicesSold": "124446000000",
            "operatingIncome": "-11127000000",
            "sellingGeneralAndAdministrative": "10763000000",
            "researchAndDevelopment": "6700000000",
            "operatingExpenses": "21672000000",
            "investmentIncomeNet": "309000000",
            "netInterestIncome": "-3227000000",
            "interestIncome": "-2454000000",
            "interestExpense": "773000000",
            "nonInterestIncome": "-524000000",
            "otherNonOperatingIncome": "1818000000",
            "depreciation": "2049000000",
            "depreciationAndAmortization": "-27000000",
            "incomeBeforeTax": "10254000000",
            "incomeTaxExpense": "2881000000",
            "interestAndDebtExpense": "3227000000",
            "netIncomeFromContinuingOperations": "7371000000",
            "comprehensiveIncomeNetOfTax": "6381000000",
            "ebit": "11027000000",
            "ebitda": "11000000000",
            "netIncome": "7373000000"
        },
        {
            "fiscalDateEnding": "2014-12-31",
            "reportedCurrency": "USD",
            "grossProfit": "6391000000",
            "totalRevenue": "144077000000",
            "costOfRevenue": "137686000000",
            "costofGoodsAndServicesSold": "125025000000",
            "operatingIncome": "-14679000000",
            "sellingGeneralAndAdministrative": "11842000000",
            "researchAndDevelopment": "6700000000",
            "operatingExpenses": "21070000000",
            "investmentIncomeNet": "244000000",
            "netInterestIncome": "-3496000000",
            "interestIncome": "-2699000000",
            "interestExpense": "797000000",
            "nonInterestIncome": "-510000000",
            "otherNonOperatingIncome": "1275000000",
            "depreciation": "2127000000",
            "depreciationAndAmortization": "53000000",
            "incomeBeforeTax": "1235000000",
            "incomeTaxExpense": "4000000",
            "interestAndDebtExpense": "3496000000",
            "netIncomeFromContinuingOperations": "3186000000",
            "comprehensiveIncomeNetOfTax": "989000000",
            "ebit": "2032000000",
            "ebitda": "2085000000",
            "netIncome": "1231000000"
        },
        {
            "fiscalDateEnding": "2013-12-31",
            "reportedCurrency": "USD",
            "grossProfit": "7950000000",
            "totalRevenue": "146917000000",
            "costOfRevenue": "138967000000",
            "costofGoodsAndServicesSold": "120190000000",
            "operatingIncome": "-133528000000",
            "sellingGeneralAndAdministrative": "10850000000",
            "researchAndDevelopment": "6200000000",
            "operatingExpenses": "23651000000",
            "investmentIncomeNet": "213000000",
            "netInterestIncome": "-3689000000",
            "interestIncome": "None",
            "interestExpense": "3689000000",
            "nonInterestIncome": "-368000000",
            "otherNonOperatingIncome": "1069000000",
            "depreciation": "None",
            "depreciationAndAmortization": "-37000000",
            "incomeBeforeTax": "14378000000",
            "incomeTaxExpense": "2425000000",
            "interestAndDebtExpense": "3708000000",
            "netIncomeFromContinuingOperations": "7148000000",
            "comprehensiveIncomeNetOfTax": "11600000000",
            "ebit": "18067000000",
            "ebitda": "18030000000",
            "netIncome": "11953000000"
        },
        {
            "fiscalDateEnding": "2012-12-31",
            "reportedCurrency": "USD",
            "grossProfit": "10457000000",
            "totalRevenue": "133559000000",
            "costOfRevenue": "123795000000",
            "costofGoodsAndServicesSold": "113039000000",
            "operatingIncome": "-117504000000",
            "sellingGeneralAndAdministrative": "11529000000",
            "researchAndDevelopment": "5500000000",
            "operatingExpenses": "20559000000",
            "investmentIncomeNet": "342000000",
            "netInterestIncome": "-3828000000",
            "interestIncome": "None",
            "interestExpense": "3828000000",
            "nonInterestIncome": "-440000000",
            "otherNonOperatingIncome": "588000000",
            "depreciation": "None",
            "depreciationAndAmortization": "-965000000",
            "incomeBeforeTax": "7639000000",
            "incomeTaxExpense": "2026000000",
            "interestAndDebtExpense": "3842000000",
            "netIncomeFromContinuingOperations": "5665000000",
            "comprehensiveIncomeNetOfTax": "1492000000",
            "ebit": "11467000000",
            "ebitda": "10502000000",
            "netIncome": "5613000000"
        },
        {
            "fiscalDateEnding": "2011-12-31",
            "reportedCurrency": "USD",
            "grossProfit": "12461000000",
            "totalRevenue": "135605000000",
            "costOfRevenue": "123803000000",
            "costofGoodsAndServicesSold": "113611000000",
            "operatingIncome": "-116860000000",
            "sellingGeneralAndAdministrative": "10884000000",
            "researchAndDevelopment": "5300000000",
            "operatingExpenses": "20317000000",
            "investmentIncomeNet": "471000000",
            "netInterestIncome": "-4431000000",
            "interestIncome": "None",
            "interestExpense": "4431000000",
            "nonInterestIncome": "-124000000",
            "otherNonOperatingIncome": "500000000",
            "depreciation": "None",
            "depreciationAndAmortization": "-1120000000",
            "incomeBeforeTax": "8672000000",
            "incomeTaxExpense": "-11541000000",
            "interestAndDebtExpense": "4559000000",
            "netIncomeFromContinuingOperations": "20213000000",
            "comprehensiveIncomeNetOfTax": "15792000000",
            "ebit": "13103000000",
            "ebitda": "11983000000",
            "netIncome": "20213000000"
        },
        {
            "fiscalDateEnding": "2010-12-31",
            "reportedCurrency": "USD",
            "grossProfit": "12594000000",
            "totalRevenue": "128954000000",
            "costOfRevenue": "116360000000",
            "costofGoodsAndServicesSold": "104451000000",
            "operatingIncome": "-109702000000",
            "sellingGeneralAndAdministrative": "11909000000",
            "researchAndDevelopment": "5000000000",
            "operatingExpenses": "23661000000",
            "investmentIncomeNet": "348000000",
            "netInterestIncome": "-5804000000",
            "interestIncome": "348000000",
            "interestExpense": "6152000000",
            "nonInterestIncome": "-927000000",
            "otherNonOperatingIncome": "538000000",
            "depreciation": "None",
            "depreciationAndAmortization": "-316000000",
            "incomeBeforeTax": "7153000000",
            "incomeTaxExpense": "592000000",
            "interestAndDebtExpense": "6152000000",
            "netIncomeFromContinuingOperations": "6561000000",
            "comprehensiveIncomeNetOfTax": "3112000000",
            "ebit": "13305000000",
            "ebitda": "12989000000",
            "netIncome": "6561000000"
        },
        {
            "fiscalDateEnding": "2009-12-31",
            "reportedCurrency": "USD",
            "grossProfit": "5034000000",
            "totalRevenue": "116283000000",
            "costOfRevenue": "113274000000",
            "costofGoodsAndServicesSold": "98866000000",
            "operatingIncome": "-116098000000",
            "sellingGeneralAndAdministrative": "13029000000",
            "researchAndDevelopment": "4700000000",
            "operatingExpenses": "20086000000",
            "investmentIncomeNet": "312000000",
            "netInterestIncome": "-6828000000",
            "interestIncome": "-38000000",
            "interestExpense": "6790000000",
            "nonInterestIncome": "3969000000",
            "otherNonOperatingIncome": "10000000",
            "depreciation": "None",
            "depreciationAndAmortization": "-1087000000",
            "incomeBeforeTax": "2604000000",
            "incomeTaxExpense": "-113000000",
            "interestAndDebtExpense": "6828000000",
            "netIncomeFromContinuingOperations": "2712000000",
            "comprehensiveIncomeNetOfTax": "4973000000",
            "ebit": "9394000000",
            "ebitda": "8307000000",
            "netIncome": "2717000000"
        }
    ],
    "overview": {
        "Symbol": "F",
        "AssetType": "Common Stock",
        "Name": "Ford Motor Company",
        "Description": "Ford Motor Company, commonly known as Ford, is an American multinational automaker that has its main headquarters in Dearborn, Michigan.",
        "CIK": "37996",
        "Exchange": "NYSE",
        "Currency": "USD",
        "Country": "USA",
        "Sector": "MANUFACTURING",
        "Industry": "MOTOR VEHICLES & PASSENGER CAR BODIES",
        "Address": "ONE AMERICAN ROAD, DEARBORN, MI, US",
        "OfficialSite": "https://www.ford.com",
        "FiscalYearEnd": "December",
        "LatestQuarter": "2024-06-30",
        "MarketCapitalization": "42495418000",
        "EBITDA": "10570000000",
        "PERatio": "11.14",
        "PEGRatio": "0.581",
        "BookValue": "10.96",
        "DividendPerShare": "0.6",
        "DividendYield": "0.0565",
        "EPS": "0.96",
        "RevenuePerShareTTM": "45.19",
        "ProfitMargin": "0.0213",
        "OperatingMarginTTM": "0.0431",
        "ReturnOnAssetsTTM": "0.0099",
        "ReturnOnEquityTTM": "0.0875",
        "RevenueTTM": "180347994000",
        "GrossProfitTTM": "17215000000",
        "DilutedEPSTTM": "0.96",
        "QuarterlyEarningsGrowthYOY": "-0.022",
        "QuarterlyRevenueGrowthYOY": "0.063",
        "AnalystTargetPrice": "12.83",
        "AnalystRatingStrongBuy": "4",
        "AnalystRatingBuy": "4",
        "AnalystRatingHold": "15",
        "AnalystRatingSell": "2",
        "AnalystRatingStrongSell": "1",
        "TrailingPE": "11.14",
        "ForwardPE": "5.4",
        "PriceToSalesRatioTTM": "0.236",
        "PriceToBookRatio": "0.975",
        "EVToRevenue": "0.892",
        "EVToEBITDA": "14.4",
        "Beta": "1.635",
        "52WeekHigh": "14.62",
        "52WeekLow": "9.03",
        "50DayMovingAverage": "11.5",
        "200DayMovingAverage": "11.98",
        "SharesOutstanding": "3904400000",
        "DividendDate": "2024-09-03",
        "ExDividendDate": "2024-08-07"
    }
}