{
    "income_statement": [
        {
            "fiscalDateEnding": "2023-12-31",
            "reportedCurrency": "USD",
            "grossProfit": "172227000000",
            "totalRevenue": "305559000000",
            "costOfRevenue": "133332000000",
            "costofGoodsAndServicesSold": "133332000000",
            "operatingIncome": "84293000000",
            "sellingGeneralAndAdministrative": "44342000000",
            "researchAndDevelopment": "45427000000",
            "operatingExpenses": "93702000000",
            "investmentIncomeNet": "None",
            "netInterestIncome": "-308000000",
            "interestIncome": "3414000000",
            "interestExpense": "308000000",
            "nonInterestIncome": "305867000000",
            "otherNonOperatingIncome": "299000000",
            "depreciation": "11946000000",
            "depreciationAndAmortization": "11946000000",
            "incomeBeforeTax": "85717000000",
            "incomeTaxExpense": "11922000000",
            "interestAndDebtExpense": "308000000",
            "netIncomeFromContinuingOperations": "73795000000",
            "comprehensiveIncomeNetOfTax": "76996000000",
            "ebit": "86025000000",
            "ebitda": "100032000000",
            "netIncome": "73795000000"
        },
        {
            "fiscalDateEnding": "2022-12-31",
            "reportedCurrency": "USD",
            "grossProfit": "155076000000",
            "totalRevenue": "281279000000",
            "costOfRevenue": "126203000000",
            "costofGoodsAndServicesSold": "126203000000",
            "operatingIncome": "74842000000",
            "sellingGeneralAndAdministrative": "42291000000",
            "researchAndDevelopment": "39500000000",
            "operatingExpenses": "81791000000",
            "investmentIncomeNet": "None",
            "netInterestIncome": "-357000000",
            "interestIncome": "2174000000",
            "interestExpense": "357000000",
            "nonInterestIncome": "281636000000",
            "otherNonOperatingIncome": "381000000",
            "depreciation": "13475000000",
            "depreciationAndAmortization": "15928000000",
            "incomeBeforeTax": "71328000000",
            "incomeTaxExpense": "11356000000",
            "interestAndDebtExpense": "357000000",
            "netIncomeFromContinuingOperations": "59972000000",
            "comprehensiveIncomeNetOfTax": "53992000000",
            "ebit": "71685000000",
            "ebitda": "90770000000",
            "netIncome": "59972000000"
        },
        {
            "fiscalDateEnding": "2021-12-31",
            "reportedCurrency": "USD",
            "grossProfit": "146698000000",
            "totalRevenue": "257637000000",
            "costOfRevenue": "110939000000",
            "costofGoodsAndServicesSold": "110939000000",
            "operatingIncome": "78714000000",
            "sellingGeneralAndAdministrative": "36422000000",
            "researchAndDevelopment": "31562000000",
            "operatingExpenses": "67984000000",
            "investmentIncomeNet": "None",
            "netInterestIncome": "-346000000",
            "interestIncome": "1499000000",
            "interestExpense": "346000000",
            "nonInterestIncome": "1087000000",
            "otherNonOperatingIncome": "411000000",
            "depreciation": "None",
            "depreciationAndAmortization": "12441000000",
            "incomeBeforeTax": "90734000000",
            "incomeTaxExpense": "14701000000",
            "interestAndDebtExpense": "346000000",
            "netIncomeFromContinuingOperations": "76033000000",
            "comprehensiveIncomeNetOfTax": "73777000000",
            "ebit": "91080000000",
            "ebitda": "91155000000",
            "netIncome": "76033000000"
        },
        {
            "fiscalDateEnding": "2020-12-31",
            "reportedCurrency": "USD",
            "grossProfit": "97795000000",
            "totalRevenue": "182527000000",
            "costOfRevenue": "84732000000",
            "costofGoodsAndServicesSold": "84732000000",
            "operatingIncome": "41224000000",
            "sellingGeneralAndAdministrative": "28998000000",
            "researchAndDevelopment": "27573000000",
            "operatingExpenses": "56571000000",
            "investmentIncomeNet": "None",
            "netInterestIncome": "-135000000",
            "interestIncome": "1865000000",
            "interestExpense": "135000000",
            "nonInterestIncome": "994000000",
            "otherNonOperatingIncome": "-637000000",
            "depreciation": "None",
            "depreciationAndAmortization": "13697000000",
            "incomeBeforeTax": "48082000000",
            "incomeTaxExpense": "7813000000",
            "interestAndDebtExpense": "135000000",
            "netIncomeFromContinuingOperations": "40269000000",
            "comprehensiveIncomeNetOfTax": "42134000000",
            "ebit": "48217000000",
            "ebitda": "54921000000",
            "netIncome": "40269000000"
        },
        {
            "fiscalDateEnding": "2019-12-31",
            "reportedCurrency": "USD",
            "grossProfit": "89961000000",
            "totalRevenue": "161857000000",
            "costOfRevenue": "71896000000",
            "costofGoodsAndServicesSold": "71896000000",
            "operatingIncome": "34231000000",
            "sellingGeneralAndAdministrative": "28015000000",
            "researchAndDevelopment": "26018000000",
            "operatingExpenses": "54033000000",
            "investmentIncomeNet": "None",
            "netInterestIncome": "-100000000",
            "interestIncome": "2427000000",
            "interestExpense": "100000000",
            "nonInterestIncome": "162263000000",
            "otherNonOperatingIncome": "102000000",
            "depreciation": "None",
            "depreciationAndAmortization": "171860",
            "incomeBeforeTax": "39625000000",
            "incomeTaxExpense": "5282000000",
            "interestAndDebtExpense": "100000000",
            "netIncomeFromContinuingOperations": "34343000000",
            "comprehensiveIncomeNetOfTax": "35447000000",
            "ebit": "39725000000",
            "ebitda": "49406000000",
            "netIncome": "34343000000"
        },
        {
            "fiscalDateEnding": "2018-12-31",
            "reportedCurrency": "USD",
            "grossProfit": "77270000000",
            "totalRevenue": "136819000000",
            "costOfRevenue": "59549000000",
            "costofGoodsAndServicesSold": "59549000000",
            "operatingIncome": "27524000000",
            "sellingGeneralAndAdministrative": "24459000000",
            "researchAndDevelopment": "21419000000",
            "operatingExpenses": "45878000000",
            "investmentIncomeNet": "None",
            "netInterestIncome": "-114000000",
            "interestIncome": "1878000000",
            "interestExpense": "114000000",
            "nonInterestIncome": "139387000000",
            "otherNonOperatingIncome": "378000000",
            "depreciation": "None",
            "depreciationAndAmortization": "161141",
            "incomeBeforeTax": "34913000000",
            "incomeTaxExpense": "4177000000",
            "interestAndDebtExpense": "114000000",
            "netIncomeFromContinuingOperations": "30736000000",
            "comprehensiveIncomeNetOfTax": "29520000000",
            "ebit": "35027000000",
            "ebitda": "45498000000",
            "netIncome": "30736000000"
        },
        {
            "fiscalDateEnding": "2017-12-31",
            "reportedCurrency": "USD",
            "grossProfit": "65272000000",
            "totalRevenue": "110855000000",
            "costOfRevenue": "45583000000",
            "costofGoodsAndServicesSold": "45583000000",
            "operatingIncome": "26178000000",
            "sellingGeneralAndAdministrative": "19765000000",
            "researchAndDevelopment": "16625000000",
            "operatingExpenses": "36390000000",
            "investmentIncomeNet": "None",
            "netInterestIncome": "-109000000",
            "interestIncome": "1312000000",
            "interestExpense": "109000000",
            "nonInterestIncome": "-121000000",
            "otherNonOperatingIncome": "158000000",
            "depreciation": "None",
            "depreciationAndAmortization": "52516",
            "incomeBeforeTax": "27193000000",
            "incomeTaxExpense": "14531000000",
            "interestAndDebtExpense": "109000000",
            "netIncomeFromContinuingOperations": "12506000000",
            "comprehensiveIncomeNetOfTax": "14072000000",
            "ebit": "27302000000",
            "ebitda": "38533000000",
            "netIncome": "12662000000"
        },
        {
            "fiscalDateEnding": "2016-12-31",
            "reportedCurrency": "USD",
            "grossProfit": "55134000000",
            "totalRevenue": "90272000000",
            "costOfRevenue": "35138000000",
            "costofGoodsAndServicesSold": "35138000000",
            "operatingIncome": "23716000000",
            "sellingGeneralAndAdministrative": "17470000000",
            "researchAndDevelopment": "13948000000",
            "operatingExpenses": "31418000000",
            "investmentIncomeNet": "None",
            "netInterestIncome": "-124000000",
            "interestIncome": "1220000000",
            "interestExpense": "124000000",
            "nonInterestIncome": "-475000000",
            "otherNonOperatingIncome": "88000000",
            "depreciation": "None",
            "depreciationAndAmortization": "22816",
            "incomeBeforeTax": "24150000000",
            "incomeTaxExpense": "4672000000",
            "interestAndDebtExpense": "124000000",
            "netIncomeFromContinuingOperations": "19478000000",
            "comprehensiveIncomeNetOfTax": "18950000000",
            "ebit": "24274000000",
            "ebitda": "29860000000",
            "netIncome": "19478000000"
        },
        {
            "fiscalDateEnding": "2015-12-31",
            "reportedCurrency": "USD",
            "grossProfit": "46825000000",
            "totalRevenue": "74989000000",
            "costOfRevenue": "28164000000",
            "costofGoodsAndServicesSold": "28164000000",
            "operatingIncome": "19360000000",
            "sellingGeneralAndAdministrative": "15183000000",
            "researchAndDevelopment": "12282000000",
            "operatingExpenses": "27465000000",
            "investmentIncomeNet": "None",
            "netInterestIncome": "-104000000",
            "interestIncome": "35000000",
            "interestExpense": "104000000",
            "nonInterestIncome": "-422000000",
            "otherNonOperatingIncome": "152000000",
            "depreciation": "None",
            "depreciationAndAmortization": "5063000000",
            "incomeBeforeTax": "19651000000",
            "incomeTaxExpense": "3303000000",
            "interestAndDebtExpense": "104000000",
            "netIncomeFromContinuingOperations": "16348000000",
            "comprehensiveIncomeNetOfTax": "14447000000",
            "ebit": "19755000000",
            "ebitda": "24423000000",
            "netIncome": "16348000000"
        }
    ],
    "overview": {
        "Symbol": "GOOGL",
        "AssetType": "Common Stock",
        "Name": "Alphabet Inc Class A",
        "Description": "Alphabet Inc. is an American multinational conglomerate headquartered in Mountain View, California. It was created through a restructuring of Google on October 2, 2015, and became the parent company of Google and several former Google subsidiaries. The two co-founders of Google remained as controlling shareholders, board members, and employees at Alphabet. Alphabet is the world's fourth-largest technology company by revenue and one of the world's most valuable companies.",
        "CIK": "1652044",
        "Exchange": "NASDAQ",
        "Currency": "USD",
        "Country": "USA",
        "Sector": "TECHNOLOGY",
        "Industry": "SERVICES-COMPUTER PROGRAMMING, DATA PROCESSING, ETC.",
        "Address": "1600 AMPHITHEATRE PARKWAY, MOUNTAIN VIEW, CA, US",
        "OfficialSite": "https://abc.xyz",
        "FiscalYearEnd": "December",
        "LatestQuarter": "2024-06-30",
        "MarketCapitalization": "1943135322000",
        "EBITDA": "115478004000",
        "PERatio": "22.56",
        "PEGRatio": "1.061",
        "BookValue": "24.41",
        "DividendPerShare": "0.2",
        "DividendYield": "0.0052",
        "EPS": "6.98",
        "RevenuePerShareTTM": "26.35",
        "ProfitMargin": "0.267",
        "OperatingMarginTTM": "0.324",
        "ReturnOnAssetsTTM": "0.16",
        "ReturnOnEquityTTM": "0.309",
        "RevenueTTM": "328284013000",
        "GrossProfitTTM": "156633000000",
        "DilutedEPSTTM": "6.98",
        "QuarterlyEarningsGrowthYOY": "0.314",
        "QuarterlyRevenueGrowthYOY": "0.136",
        "AnalystTargetPrice": "201.98",
        "AnalystRatingStrongBuy": "15",
        "AnalystRatingBuy": "30",
        "AnalystRatingHold": "10",
        "AnalystRatingSell": "0",
        "AnalystRatingStrongSell": "0",
        "TrailingPE": "22.56",
        "ForwardPE": "17.99",
        "PriceToSalesRatioTTM": "5.92",
        "PriceToBookRatio": "6.44",
        "EVToRevenue": "5.7",
        "EVToEBITDA": "16.2",
        "Beta": "1.039",
        "52WeekHigh": "191.5",
        "52WeekLow": "119.91",
        "50DayMovingAverage": "168.01",
        "200DayMovingAverage": "157.08",
        "SharesOutstanding": "5859000000",
        "DividendDate": "2024-09-16",
        "ExDividendDate": "2024-09-09"
    }
}