{
    "income_statement": [
        {
            "fiscalDateEnding": "2024-01-28",
            "reportedCurrency": "USD",
            "grossProfit": "44301000000",
            "totalRevenue": "60922000000",
            "costOfRevenue": "16621000000",
            "costofGoodsAndServicesSold": "774000000",
            "operatingIncome": "32972000000",
            "sellingGeneralAndAdministrative": "2654000000",
            "researchAndDevelopment": "8675000000",
            "operatingExpenses": "11329000000",
            "investmentIncomeNet": "866000000",
            "netInterestIncome": "-257000000",
            "interestIncome": "866000000",
            "interestExpense": "257000000",
            "nonInterestIncome": "None",
            "otherNonOperatingIncome": "237000000",
            "depreciation": "894000000",
            "depreciationAndAmortization": "614000000",
            "incomeBeforeTax": "33818000000",
            "incomeTaxExpense": "4058000000",
            "interestAndDebtExpense": "257000000",
            "netIncomeFromContinuingOperations": "29760000000",
            "comprehensiveIncomeNetOfTax": "29830000000",
            "ebit": "34075000000",
            "ebitda": "34689000000",
            "netIncome": "29760000000"
        },
        {
            "fiscalDateEnding": "2023-01-29",
            "reportedCurrency": "USD",
            "grossProfit": "15356000000",
            "totalRevenue": "26974000000",
            "costOfRevenue": "11618000000",
            "costofGoodsAndServicesSold": "1040000000",
            "operatingIncome": "4224000000",
            "sellingGeneralAndAdministrative": "2440000000",
            "researchAndDevelopment": "7339000000",
            "operatingExpenses": "11132000000",
            "investmentIncomeNet": "267000000",
            "netInterestIncome": "-262000000",
            "interestIncome": "267000000",
            "interestExpense": "262000000",
            "nonInterestIncome": "None",
            "otherNonOperatingIncome": "-48000000",
            "depreciation": "844000000",
            "depreciationAndAmortization": "699000000",
            "incomeBeforeTax": "4181000000",
            "incomeTaxExpense": "-187000000",
            "interestAndDebtExpense": "262000000",
            "netIncomeFromContinuingOperations": "4368000000",
            "comprehensiveIncomeNetOfTax": "4336000000",
            "ebit": "4443000000",
            "ebitda": "5142000000",
            "netIncome": "4368000000"
        },
        {
            "fiscalDateEnding": "2022-01-30",
            "reportedCurrency": "USD",
            "grossProfit": "17475000000",
            "totalRevenue": "26914000000",
            "costOfRevenue": "9439000000",
            "costofGoodsAndServicesSold": "173000000",
            "operatingIncome": "10041000000",
            "sellingGeneralAndAdministrative": "2166000000",
            "researchAndDevelopment": "5268000000",
            "operatingExpenses": "7434000000",
            "investmentIncomeNet": "29000000",
            "netInterestIncome": "-236000000",
            "interestIncome": "29000000",
            "interestExpense": "236000000",
            "nonInterestIncome": "26914000000",
            "otherNonOperatingIncome": "107000000",
            "depreciation": "611000000",
            "depreciationAndAmortization": "563000000",
            "incomeBeforeTax": "9941000000",
            "incomeTaxExpense": "189000000",
            "interestAndDebtExpense": "236000000",
            "netIncomeFromContinuingOperations": "9752000000",
            "comprehensiveIncomeNetOfTax": "9722000000",
            "ebit": "10177000000",
            "ebitda": "10740000000",
            "netIncome": "9752000000"
        },
        {
            "fiscalDateEnding": "2021-01-31",
            "reportedCurrency": "USD",
            "grossProfit": "10396000000",
            "totalRevenue": "16675000000",
            "costOfRevenue": "6279000000",
            "costofGoodsAndServicesSold": "6279000000",
            "operatingIncome": "4532000000",
            "sellingGeneralAndAdministrative": "1940000000",
            "researchAndDevelopment": "3924000000",
            "operatingExpenses": "5864000000",
            "investmentIncomeNet": "57000000",
            "netInterestIncome": "-184000000",
            "interestIncome": "57000000",
            "interestExpense": "184000000",
            "nonInterestIncome": "16675000000",
            "otherNonOperatingIncome": "4000000",
            "depreciation": "486000000",
            "depreciationAndAmortization": "1098000000",
            "incomeBeforeTax": "4409000000",
            "incomeTaxExpense": "77000000",
            "interestAndDebtExpense": "184000000",
            "netIncomeFromContinuingOperations": "4332000000",
            "comprehensiveIncomeNetOfTax": "4350000000",
            "ebit": "4593000000",
            "ebitda": "5691000000",
            "netIncome": "4332000000"
        },
        {
            "fiscalDateEnding": "2020-01-26",
            "reportedCurrency": "USD",
            "grossProfit": "6768000000",
            "totalRevenue": "10918000000",
            "costOfRevenue": "4150000000",
            "costofGoodsAndServicesSold": "4150000000",
            "operatingIncome": "2846000000",
            "sellingGeneralAndAdministrative": "1093000000",
            "researchAndDevelopment": "2829000000",
            "operatingExpenses": "3922000000",
            "investmentIncomeNet": "178000000",
            "netInterestIncome": "-52000000",
            "interestIncome": "178000000",
            "interestExpense": "52000000",
            "nonInterestIncome": "10918000000",
            "otherNonOperatingIncome": "-2000000",
            "depreciation": "355000000",
            "depreciationAndAmortization": "381000000",
            "incomeBeforeTax": "2970000000",
            "incomeTaxExpense": "174000000",
            "interestAndDebtExpense": "52000000",
            "netIncomeFromContinuingOperations": "2796000000",
            "comprehensiveIncomeNetOfTax": "2809000000",
            "ebit": "3022000000",
            "ebitda": "3403000000",
            "netIncome": "2796000000"
        },
        {
            "fiscalDateEnding": "2019-01-27",
            "reportedCurrency": "USD",
            "grossProfit": "7171000000",
            "totalRevenue": "11658000000",
            "costOfRevenue": "5798000000",
            "costofGoodsAndServicesSold": "4545000000",
            "operatingIncome": "3804000000",
            "sellingGeneralAndAdministrative": "991000000",
            "researchAndDevelopment": "2376000000",
            "operatingExpenses": "3367000000",
            "investmentIncomeNet": "136000000",
            "netInterestIncome": "-58000000",
            "interestIncome": "136000000",
            "interestExpense": "58000000",
            "nonInterestIncome": "11716000000",
            "otherNonOperatingIncome": "14000000",
            "depreciation": "233000000",
            "depreciationAndAmortization": "262000000",
            "incomeBeforeTax": "3896000000",
            "incomeTaxExpense": "-245000000",
            "interestAndDebtExpense": "58000000",
            "netIncomeFromContinuingOperations": "4141000000",
            "comprehensiveIncomeNetOfTax": "4147000000",
            "ebit": "3954000000",
            "ebitda": "4216000000",
            "netIncome": "4141000000"
        },
        {
            "fiscalDateEnding": "2018-01-28",
            "reportedCurrency": "USD",
            "grossProfit": "5822000000",
            "totalRevenue": "9714000000",
            "costOfRevenue": "3892000000",
            "costofGoodsAndServicesSold": "3892000000",
            "operatingIncome": "3210000000",
            "sellingGeneralAndAdministrative": "815000000",
            "researchAndDevelopment": "1797000000",
            "operatingExpenses": "2612000000",
            "investmentIncomeNet": "69000000",
            "netInterestIncome": "-61000000",
            "interestIncome": "69000000",
            "interestExpense": "61000000",
            "nonInterestIncome": "-19000000",
            "otherNonOperatingIncome": "-22000000",
            "depreciation": "144000000",
            "depreciationAndAmortization": "199000000",
            "incomeBeforeTax": "3196000000",
            "incomeTaxExpense": "149000000",
            "interestAndDebtExpense": "80000000",
            "netIncomeFromContinuingOperations": "3047000000",
            "comprehensiveIncomeNetOfTax": "3045000000",
            "ebit": "3257000000",
            "ebitda": "3456000000",
            "netIncome": "3047000000"
        },
        {
            "fiscalDateEnding": "2017-01-29",
            "reportedCurrency": "USD",
            "grossProfit": "4063000000",
            "totalRevenue": "6910000000",
            "costOfRevenue": "2847000000",
            "costofGoodsAndServicesSold": "2847000000",
            "operatingIncome": "1934000000",
            "sellingGeneralAndAdministrative": "663000000",
            "researchAndDevelopment": "1463000000",
            "operatingExpenses": "2129000000",
            "investmentIncomeNet": "54000000",
            "netInterestIncome": "-58000000",
            "interestIncome": "54000000",
            "interestExpense": "58000000",
            "nonInterestIncome": "-16000000",
            "otherNonOperatingIncome": "-25000000",
            "depreciation": "118000000",
            "depreciationAndAmortization": "187000000",
            "incomeBeforeTax": "1905000000",
            "incomeTaxExpense": "239000000",
            "interestAndDebtExpense": "79000000",
            "netIncomeFromContinuingOperations": "1666000000",
            "comprehensiveIncomeNetOfTax": "1654000000",
            "ebit": "1963000000",
            "ebitda": "2150000000",
            "netIncome": "1666000000"
        },
        {
            "fiscalDateEnding": "2016-01-31",
            "reportedCurrency": "USD",
            "grossProfit": "2811000000",
            "totalRevenue": "5010000000",
            "costOfRevenue": "2199000000",
            "costofGoodsAndServicesSold": "2199000000",
            "operatingIncome": "747000000",
            "sellingGeneralAndAdministrative": "602000000",
            "researchAndDevelopment": "1331000000",
            "operatingExpenses": "2064000000",
            "investmentIncomeNet": "39000000",
            "netInterestIncome": "-47000000",
            "interestIncome": "8000000",
            "interestExpense": "47000000",
            "nonInterestIncome": "0",
            "otherNonOperatingIncome": "4000000",
            "depreciation": "124000000",
            "depreciationAndAmortization": "197000000",
            "incomeBeforeTax": "743000000",
            "incomeTaxExpense": "129000000",
            "interestAndDebtExpense": "47000000",
            "netIncomeFromContinuingOperations": "614000000",
            "comprehensiveIncomeNetOfTax": "602000000",
            "ebit": "790000000",
            "ebitda": "987000000",
            "netIncome": "614000000"
        },
        {
            "fiscalDateEnding": "2015-01-25",
            "reportedCurrency": "USD",
            "grossProfit": "2599000000",
            "totalRevenue": "4682000000",
            "costOfRevenue": "2083000000",
            "costofGoodsAndServicesSold": "2082030000",
            "operatingIncome": "759000000",
            "sellingGeneralAndAdministrative": "480000000",
            "researchAndDevelopment": "1360000000",
            "operatingExpenses": "1840000000",
            "investmentIncomeNet": "28090000",
            "netInterestIncome": "-46133000",
            "interestIncome": "-133000",
            "interestExpense": "46000000",
            "nonInterestIncome": "500000",
            "otherNonOperatingIncome": "14000000",
            "depreciation": "143000000",
            "depreciationAndAmortization": "220000000",
            "incomeBeforeTax": "755000000",
            "incomeTaxExpense": "124000000",
            "interestAndDebtExpense": "46133000",
            "netIncomeFromContinuingOperations": "630587000",
            "comprehensiveIncomeNetOfTax": "634000000",
            "ebit": "801000000",
            "ebitda": "1021000000",
            "netIncome": "631000000"
        },
        {
            "fiscalDateEnding": "2014-01-26",
            "reportedCurrency": "USD",
            "grossProfit": "2268000000",
            "totalRevenue": "4130000000",
            "costOfRevenue": "1862000000",
            "costofGoodsAndServicesSold": "1862399000",
            "operatingIncome": "496000000",
            "sellingGeneralAndAdministrative": "436000000",
            "researchAndDevelopment": "1336000000",
            "operatingExpenses": "1772000000",
            "investmentIncomeNet": "17119000",
            "netInterestIncome": "-10443000",
            "interestIncome": "-443000",
            "interestExpense": "10000000",
            "nonInterestIncome": "4700000",
            "otherNonOperatingIncome": "7000000",
            "depreciation": "164000000",
            "depreciationAndAmortization": "239000000",
            "incomeBeforeTax": "510000000",
            "incomeTaxExpense": "70000000",
            "interestAndDebtExpense": "10443000",
            "netIncomeFromContinuingOperations": "439990000",
            "comprehensiveIncomeNetOfTax": "435000000",
            "ebit": "520000000",
            "ebitda": "759000000",
            "netIncome": "440000000"
        },
        {
            "fiscalDateEnding": "2013-01-27",
            "reportedCurrency": "USD",
            "grossProfit": "2226343000",
            "totalRevenue": "4280159000",
            "costOfRevenue": "2053816000",
            "costofGoodsAndServicesSold": "20000000",
            "operatingIncome": "648239000",
            "sellingGeneralAndAdministrative": "430822000",
            "researchAndDevelopment": "1147282000",
            "operatingExpenses": "1578104000",
            "investmentIncomeNet": "19908000",
            "netInterestIncome": "-3294000",
            "interestIncome": "None",
            "interestExpense": "3294000",
            "nonInterestIncome": "-1500000",
            "otherNonOperatingIncome": "-2814000",
            "depreciation": "157600000",
            "depreciationAndAmortization": "226235000",
            "incomeBeforeTax": "662039000",
            "incomeTaxExpense": "99503000",
            "interestAndDebtExpense": "3294000",
            "netIncomeFromContinuingOperations": "562536000",
            "comprehensiveIncomeNetOfTax": "561903000",
            "ebit": "665333000",
            "ebitda": "891568000",
            "netIncome": "562536000"
        },
        {
            "fiscalDateEnding": "2012-01-29",
            "reportedCurrency": "USD",
            "grossProfit": "2056517000",
            "totalRevenue": "3997930000",
            "costOfRevenue": "1941413000",
            "costofGoodsAndServicesSold": "16700000",
            "operatingIncome": "648299000",
            "sellingGeneralAndAdministrative": "405613000",
            "researchAndDevelopment": "1002605000",
            "operatingExpenses": "1408218000",
            "investmentIncomeNet": "19149000",
            "netInterestIncome": "-3089000",
            "interestIncome": "None",
            "interestExpense": "3089000",
            "nonInterestIncome": "None",
            "otherNonOperatingIncome": "-963000",
            "depreciation": "145200000",
            "depreciationAndAmortization": "204205000",
            "incomeBeforeTax": "663396000",
            "incomeTaxExpense": "82306000",
            "interestAndDebtExpense": "3089000",
            "netIncomeFromContinuingOperations": "581090000",
            "comprehensiveIncomeNetOfTax": "581432000",
            "ebit": "666485000",
            "ebitda": "870690000",
            "netIncome": "581090000"
        },
        {
            "fiscalDateEnding": "2011-01-30",
            "reportedCurrency": "USD",
            "grossProfit": "1409090000",
            "totalRevenue": "3543309000",
            "costOfRevenue": "2134219000",
            "costofGoodsAndServicesSold": "2134219000",
            "operatingIncome": "255747000",
            "sellingGeneralAndAdministrative": "361513000",
            "researchAndDevelopment": "848830000",
            "operatingExpenses": "1153343000",
            "investmentIncomeNet": "19057000",
            "netInterestIncome": "-3127000",
            "interestIncome": "None",
            "interestExpense": "3127000",
            "nonInterestIncome": "None",
            "otherNonOperatingIncome": "-508000",
            "depreciation": "157000000",
            "depreciationAndAmortization": "186989000",
            "incomeBeforeTax": "271169000",
            "incomeTaxExpense": "18023000",
            "interestAndDebtExpense": "3127000",
            "netIncomeFromContinuingOperations": "253146000",
            "comprehensiveIncomeNetOfTax": "251246000",
            "ebit": "274296000",
            "ebitda": "461285000",
            "netIncome": "253146000"
        }
    ],
    "overview": {
        "Symbol": "NVDA",
        "AssetType": "Common Stock",
        "Name": "NVIDIA Corporation",
        "Description": "Nvidia Corporation is an American multinational technology company incorporated in Delaware and based in Santa Clara, California. It designs graphics processing units (GPUs) for the gaming and professional markets, as well as system on a chip units (SoCs) for the mobile computing and automotive market.",
        "CIK": "1045810",
        "Exchange": "NASDAQ",
        "Currency": "USD",
        "Country": "USA",
        "Sector": "MANUFACTURING",
        "Industry": "SEMICONDUCTORS & RELATED DEVICES",
        "Address": "2701 SAN TOMAS EXPRESSWAY, SANTA CLARA, CA, US",
        "OfficialSite": "https://www.nvidia.com",
        "FiscalYearEnd": "January",
        "LatestQuarter": "2024-07-31",
        "MarketCapitalization": "2921523053000",
        "EBITDA": "61184000000",
        "PERatio": "55.92",
        "PEGRatio": "1.28",
        "BookValue": "2.368",
        "DividendPerShare": "0.022",
        "DividendYield": "0.0003",
        "EPS": "2.13",
        "RevenuePerShareTTM": "3.91",
        "ProfitMargin": "0.55",
        "OperatingMarginTTM": "0.621",
        "ReturnOnAssetsTTM": "0.553",
        "ReturnOnEquityTTM": "1.238",
        "RevenueTTM": "96307003000",
        "GrossProfitTTM": "44301000000",
        "DilutedEPSTTM": "2.13",
        "QuarterlyEarningsGrowthYOY": "1.68",
        "QuarterlyRevenueGrowthYOY": "1.224",
        "AnalystTargetPrice": "145.22",
        "AnalystRatingStrongBuy": "18",
        "AnalystRatingBuy": "37",
        "AnalystRatingHold": "5",
        "AnalystRatingSell": "0",
        "AnalystRatingStrongSell": "0",
        "TrailingPE": "55.92",
        "ForwardPE": "42.37",
        "PriceToSalesRatioTTM": "30.34",
        "PriceToBookRatio": "50.24",
        "EVToRevenue": "30.08",
        "EVToEBITDA": "46.0",
        "Beta": "1.673",
        "52WeekHigh": "140.75",
        "52WeekLow": "39.22",
        "50DayMovingAverage": "117.55",
        "200DayMovingAverage": "90.74",
        "SharesOutstanding": "24530000000",
        "DividendDate": "2024-10-03",
        "ExDividendDate": "2024-09-12"
    }
}