{
    "income_statement": [
        {
            "fiscalDateEnding": "2023-12-31",
            "reportedCurrency": "USD",
            "grossProfit": "8904000000",
            "totalRevenue": "58496000000",
            "costOfRevenue": "49592000000",
            "costofGoodsAndServicesSold": "24954000000",
            "operatingIncome": "-27642000000",
            "sellingGeneralAndAdministrative": "14771000000",
            "researchAndDevelopment": "10873000000",
            "operatingExpenses": "36324000000",
            "investmentIncomeNet": "1624000000",
            "netInterestIncome": "-2209000000",
            "interestIncome": "1624000000",
            "interestExpense": "2209000000",
            "nonInterestIncome": "52890000000",
            "otherNonOperatingIncome": "835000000",
            "depreciation": "None",
            "depreciationAndAmortization": "4700000000",
            "incomeBeforeTax": "1004000000",
            "incomeTaxExpense": "-1115000000",
            "interestAndDebtExpense": "2209000000",
            "netIncomeFromContinuingOperations": "2172000000",
            "comprehensiveIncomeNetOfTax": "2462000000",
            "ebit": "3213000000",
            "ebitda": "7913000000",
            "netIncome": "2119000000"
        },
        {
            "fiscalDateEnding": "2022-12-31",
            "reportedCurrency": "USD",
            "grossProfit": "47907000000",
            "totalRevenue": "100330000000",
            "costOfRevenue": "52423000000",
            "costofGoodsAndServicesSold": "34344000000",
            "operatingIncome": "16368000000",
            "sellingGeneralAndAdministrative": "13677000000",
            "researchAndDevelopment": "12381000000",
            "operatingExpenses": "31539000000",
            "investmentIncomeNet": "251000000",
            "netInterestIncome": "-1238000000",
            "interestIncome": "1824000000",
            "interestExpense": "1238000000",
            "nonInterestIncome": "126000000",
            "otherNonOperatingIncome": "-217000000",
            "depreciation": "None",
            "depreciationAndAmortization": "3600000000",
            "incomeBeforeTax": "34700000000",
            "incomeTaxExpense": "3328000000",
            "interestAndDebtExpense": "1238000000",
            "netIncomeFromContinuingOperations": "31401000000",
            "comprehensiveIncomeNetOfTax": "28965000000",
            "ebit": "35938000000",
            "ebitda": "39538000000",
            "netIncome": "31372000000"
        },
        {
            "fiscalDateEnding": "2021-12-31",
            "reportedCurrency": "USD",
            "grossProfit": "34573000000",
            "totalRevenue": "81288000000",
            "costOfRevenue": "45545000000",
            "costofGoodsAndServicesSold": "30821000000",
            "operatingIncome": "3390000000",
            "sellingGeneralAndAdministrative": "12703000000",
            "researchAndDevelopment": "13829000000",
            "operatingExpenses": "31183000000",
            "investmentIncomeNet": "36000000",
            "netInterestIncome": "-1291000000",
            "interestIncome": "560000000",
            "interestExpense": "1291000000",
            "nonInterestIncome": "81368000000",
            "otherNonOperatingIncome": "4878000000",
            "depreciation": "None",
            "depreciationAndAmortization": "3700000000",
            "incomeBeforeTax": "23831000000",
            "incomeTaxExpense": "1852000000",
            "interestAndDebtExpense": "1291000000",
            "netIncomeFromContinuingOperations": "22414000000",
            "comprehensiveIncomeNetOfTax": "21393000000",
            "ebit": "25122000000",
            "ebitda": "28822000000",
            "netIncome": "21979000000"
        },
        {
            "fiscalDateEnding": "2020-12-31",
            "reportedCurrency": "USD",
            "grossProfit": "18171000000",
            "totalRevenue": "41651000000",
            "costOfRevenue": "22352000000",
            "costofGoodsAndServicesSold": "8484000000",
            "operatingIncome": "-5395000000",
            "sellingGeneralAndAdministrative": "11597000000",
            "researchAndDevelopment": "9405000000",
            "operatingExpenses": "23566000000",
            "investmentIncomeNet": "73000000",
            "netInterestIncome": "-1449000000",
            "interestIncome": "538000000",
            "interestExpense": "1449000000",
            "nonInterestIncome": "41932000000",
            "otherNonOperatingIncome": "-1213000000",
            "depreciation": "None",
            "depreciationAndAmortization": "3400000000",
            "incomeBeforeTax": "9529000000",
            "incomeTaxExpense": "370000000",
            "interestAndDebtExpense": "1449000000",
            "netIncomeFromContinuingOperations": "6630000000",
            "comprehensiveIncomeNetOfTax": "9639000000",
            "ebit": "10978000000",
            "ebitda": "14378000000",
            "netIncome": "9159000000"
        },
        {
            "fiscalDateEnding": "2019-12-31",
            "reportedCurrency": "USD",
            "grossProfit": "21948000000",
            "totalRevenue": "50108000000",
            "costOfRevenue": "28160000000",
            "costofGoodsAndServicesSold": "8054000000",
            "operatingIncome": "-5052000000",
            "sellingGeneralAndAdministrative": "12726000000",
            "researchAndDevelopment": "8650000000",
            "operatingExpenses": "27000000000",
            "investmentIncomeNet": "226000000",
            "netInterestIncome": "-1574000000",
            "interestIncome": "-1000000",
            "interestExpense": "1573000000",
            "nonInterestIncome": "51637000000",
            "otherNonOperatingIncome": "-3497000000",
            "depreciation": "None",
            "depreciationAndAmortization": "4500000000",
            "incomeBeforeTax": "16609000000",
            "incomeTaxExpense": "583000000",
            "interestAndDebtExpense": "1712000000",
            "netIncomeFromContinuingOperations": "10708000000",
            "comprehensiveIncomeNetOfTax": "15908000000",
            "ebit": "18182000000",
            "ebitda": "22682000000",
            "netIncome": "16026000000"
        },
        {
            "fiscalDateEnding": "2018-12-31",
            "reportedCurrency": "USD",
            "grossProfit": "22784000000",
            "totalRevenue": "52356000000",
            "costOfRevenue": "29572000000",
            "costofGoodsAndServicesSold": "8987000000",
            "operatingIncome": "-3920000000",
            "sellingGeneralAndAdministrative": "12612000000",
            "researchAndDevelopment": "8006000000",
            "operatingExpenses": "26704000000",
            "investmentIncomeNet": "333000000",
            "netInterestIncome": "-1316000000",
            "interestIncome": "333000000",
            "interestExpense": "1316000000",
            "nonInterestIncome": "53672000000",
            "otherNonOperatingIncome": "-2077000000",
            "depreciation": "None",
            "depreciationAndAmortization": "161141",
            "incomeBeforeTax": "10887000000",
            "incomeTaxExpense": "-266000000",
            "interestAndDebtExpense": "1319000000",
            "netIncomeFromContinuingOperations": "3825000000",
            "comprehensiveIncomeNetOfTax": "9198000000",
            "ebit": "12203000000",
            "ebitda": "21412000000",
            "netIncome": "11153000000"
        },
        {
            "fiscalDateEnding": "2017-12-31",
            "reportedCurrency": "USD",
            "grossProfit": "23926000000",
            "totalRevenue": "50828000000",
            "costOfRevenue": "26902000000",
            "costofGoodsAndServicesSold": "11228000000",
            "operatingIncome": "367000000",
            "sellingGeneralAndAdministrative": "14804000000",
            "researchAndDevelopment": "7657000000",
            "operatingExpenses": "23507000000",
            "investmentIncomeNet": "391000000",
            "netInterestIncome": "-1270000000",
            "interestIncome": "391000000",
            "interestExpense": "1270000000",
            "nonInterestIncome": "-947000000",
            "otherNonOperatingIncome": "-1416000000",
            "depreciation": "None",
            "depreciationAndAmortization": "52516",
            "incomeBeforeTax": "12259000000",
            "incomeTaxExpense": "-9049000000",
            "interestAndDebtExpense": "2269000000",
            "netIncomeFromContinuingOperations": "21306000000",
            "comprehensiveIncomeNetOfTax": "23023000000",
            "ebit": "13529000000",
            "ebitda": "20237000000",
            "netIncome": "21308000000"
        },
        {
            "fiscalDateEnding": "2016-12-31",
            "reportedCurrency": "USD",
            "grossProfit": "22021000000",
            "totalRevenue": "52231000000",
            "costOfRevenue": "30210000000",
            "costofGoodsAndServicesSold": "12322000000",
            "operatingIncome": "-3732000000",
            "sellingGeneralAndAdministrative": "14844000000",
            "researchAndDevelopment": "7872000000",
            "operatingExpenses": "25753000000",
            "investmentIncomeNet": "470000000",
            "netInterestIncome": "-1186000000",
            "interestIncome": "470000000",
            "interestExpense": "1186000000",
            "nonInterestIncome": "-312000000",
            "otherNonOperatingIncome": "-3794000000",
            "depreciation": "None",
            "depreciationAndAmortization": "22816",
            "incomeBeforeTax": "8338000000",
            "incomeTaxExpense": "1123000000",
            "interestAndDebtExpense": "1498000000",
            "netIncomeFromContinuingOperations": "7198000000",
            "comprehensiveIncomeNetOfTax": "5701000000",
            "ebit": "9524000000",
            "ebitda": "19076000000",
            "netIncome": "7215000000"
        },
        {
            "fiscalDateEnding": "2015-12-31",
            "reportedCurrency": "USD",
            "grossProfit": "17663000000",
            "totalRevenue": "47768000000",
            "costOfRevenue": "30105000000",
            "costofGoodsAndServicesSold": "9648000000",
            "operatingIncome": "-10484000000",
            "sellingGeneralAndAdministrative": "14809000000",
            "researchAndDevelopment": "7690000000",
            "operatingExpenses": "28147000000",
            "investmentIncomeNet": "471000000",
            "netInterestIncome": "-1199000000",
            "interestIncome": "1597000000",
            "interestExpense": "1199000000",
            "nonInterestIncome": "-806000000",
            "otherNonOperatingIncome": "-2860000000",
            "depreciation": "None",
            "depreciationAndAmortization": "3800000000",
            "incomeBeforeTax": "8950000000",
            "incomeTaxExpense": "1990000000",
            "interestAndDebtExpense": "1199000000",
            "netIncomeFromContinuingOperations": "6949000000",
            "comprehensiveIncomeNetOfTax": "4755000000",
            "ebit": "10149000000",
            "ebitda": "13949000000",
            "netIncome": "6960000000"
        },
        {
            "fiscalDateEnding": "2014-12-31",
            "reportedCurrency": "USD",
            "grossProfit": "20754000000",
            "totalRevenue": "49247000000",
            "costOfRevenue": "28493000000",
            "costofGoodsAndServicesSold": "9577000000",
            "operatingIncome": "-6555000000",
            "sellingGeneralAndAdministrative": "14097000000",
            "researchAndDevelopment": "8393000000",
            "operatingExpenses": "27309000000",
            "investmentIncomeNet": "425000000",
            "netInterestIncome": "-1360000000",
            "interestIncome": "None",
            "interestExpense": "1360000000",
            "nonInterestIncome": "None",
            "otherNonOperatingIncome": "-1009000000",
            "depreciation": "None",
            "depreciationAndAmortization": "4100000000",
            "incomeBeforeTax": "12255000000",
            "incomeTaxExpense": "3120000000",
            "interestAndDebtExpense": "1360000000",
            "netIncomeFromContinuingOperations": "9087000000",
            "comprehensiveIncomeNetOfTax": "5090000000",
            "ebit": "13615000000",
            "ebitda": "17715000000",
            "netIncome": "9135000000"
        },
        {
            "fiscalDateEnding": "2013-12-31",
            "reportedCurrency": "USD",
            "grossProfit": "20944000000",
            "totalRevenue": "50893000000",
            "costOfRevenue": "29949000000",
            "costofGoodsAndServicesSold": "9586000000",
            "operatingIncome": "-6044000000",
            "sellingGeneralAndAdministrative": "14355000000",
            "researchAndDevelopment": "6678000000",
            "operatingExpenses": "28082000000",
            "investmentIncomeNet": "403000000",
            "netInterestIncome": "-1011000000",
            "interestIncome": "403000000",
            "interestExpense": "1414000000",
            "nonInterestIncome": "320000000",
            "otherNonOperatingIncome": "532000000",
            "depreciation": "None",
            "depreciationAndAmortization": "4800000000",
            "incomeBeforeTax": "26309000000",
            "incomeTaxExpense": "4306000000",
            "interestAndDebtExpense": "1414000000",
            "netIncomeFromContinuingOperations": "11380000000",
            "comprehensiveIncomeNetOfTax": "24658000000",
            "ebit": "27723000000",
            "ebitda": "32523000000",
            "netIncome": "22003000000"
        },
        {
            "fiscalDateEnding": "2012-12-31",
            "reportedCurrency": "USD",
            "grossProfit": "22350000000",
            "totalRevenue": "57553000000",
            "costOfRevenue": "35203000000",
            "costofGoodsAndServicesSold": "9821000000",
            "operatingIncome": "-9870000000",
            "sellingGeneralAndAdministrative": "15171000000",
            "researchAndDevelopment": "7870000000",
            "operatingExpenses": "33692000000",
            "investmentIncomeNet": "382000000",
            "netInterestIncome": "-1140000000",
            "interestIncome": "382000000",
            "interestExpense": "1522000000",
            "nonInterestIncome": "52000000",
            "otherNonOperatingIncome": "-4022000000",
            "depreciation": "None",
            "depreciationAndAmortization": "5400000000",
            "incomeBeforeTax": "16791000000",
            "incomeTaxExpense": "2221000000",
            "interestAndDebtExpense": "1524000000",
            "netIncomeFromContinuingOperations": "8993000000",
            "comprehensiveIncomeNetOfTax": "12746000000",
            "ebit": "18313000000",
            "ebitda": "23713000000",
            "netIncome": "14570000000"
        },
        {
            "fiscalDateEnding": "2011-12-31",
            "reportedCurrency": "USD",
            "grossProfit": "23631000000",
            "totalRevenue": "65824000000",
            "costOfRevenue": "42193000000",
            "costofGoodsAndServicesSold": "12500000000",
            "operatingIncome": "-13008000000",
            "sellingGeneralAndAdministrative": "17581000000",
            "researchAndDevelopment": "9112000000",
            "operatingExpenses": "38319000000",
            "investmentIncomeNet": "None",
            "netInterestIncome": "-1225000000",
            "interestIncome": "456000000",
            "interestExpense": "1681000000",
            "nonInterestIncome": "1000000",
            "otherNonOperatingIncome": "-139000000",
            "depreciation": "None",
            "depreciationAndAmortization": "5585000000",
            "incomeBeforeTax": "13630000000",
            "incomeTaxExpense": "3621000000",
            "interestAndDebtExpense": "1681000000",
            "netIncomeFromContinuingOperations": "7820000000",
            "comprehensiveIncomeNetOfTax": "9320000000",
            "ebit": "15311000000",
            "ebitda": "20896000000",
            "netIncome": "10009000000"
        },
        {
            "fiscalDateEnding": "2010-12-31",
            "reportedCurrency": "USD",
            "grossProfit": "21035000000",
            "totalRevenue": "66010000000",
            "costOfRevenue": "44975000000",
            "costofGoodsAndServicesSold": "14788000000",
            "operatingIncome": "-16937000000",
            "sellingGeneralAndAdministrative": "18973000000",
            "researchAndDevelopment": "9538000000",
            "operatingExpenses": "39771000000",
            "investmentIncomeNet": "None",
            "netInterestIncome": "-1799000000",
            "interestIncome": "-2000000",
            "interestExpense": "1797000000",
            "nonInterestIncome": "262000000",
            "otherNonOperatingIncome": "147000000",
            "depreciation": "None",
            "depreciationAndAmortization": "5404000000",
            "incomeBeforeTax": "9410000000",
            "incomeTaxExpense": "1153000000",
            "interestAndDebtExpense": "1799000000",
            "netIncomeFromContinuingOperations": "8287000000",
            "comprehensiveIncomeNetOfTax": "4265000000",
            "ebit": "11207000000",
            "ebitda": "16611000000",
            "netIncome": "8257000000"
        },
        {
            "fiscalDateEnding": "2009-12-31",
            "reportedCurrency": "USD",
            "grossProfit": "23369000000",
            "totalRevenue": "50009000000",
            "costOfRevenue": "26640000000",
            "costofGoodsAndServicesSold": "8459000000",
            "operatingIncome": "-2296000000",
            "sellingGeneralAndAdministrative": "14752000000",
            "researchAndDevelopment": "7913000000",
            "operatingExpenses": "25665000000",
            "investmentIncomeNet": "None",
            "netInterestIncome": "-1233000000",
            "interestIncome": "-1000000",
            "interestExpense": "1232000000",
            "nonInterestIncome": "188000000",
            "otherNonOperatingIncome": "-62000000",
            "depreciation": "None",
            "depreciationAndAmortization": "2877000000",
            "incomeBeforeTax": "10780000000",
            "incomeTaxExpense": "2145000000",
            "interestAndDebtExpense": "1233000000",
            "netIncomeFromContinuingOperations": "8521000000",
            "comprehensiveIncomeNetOfTax": "22405000000",
            "ebit": "12012000000",
            "ebitda": "14889000000",
            "netIncome": "8635000000"
        }
    ],
    "overview": {
        "Symbol": "PFE",
        "AssetType": "Common Stock",
        "Name": "Pfizer Inc",
        "Description": "Pfizer Inc. is an American multinational pharmaceutical and biotechnology corporation headquartered on 42nd Street in Manhattan, New York City. The name of the company commemorates its co-founder, Charles Pfizer (1824-1906). Pfizer develops and produces medicines and vaccines for immunology, oncology, cardiology, endocrinology, and neurology. The company has several blockbuster drugs or products that each generate more than 1 billion USD in annual revenues.",
        "CIK": "78003",
        "Exchange": "NYSE",
        "Currency": "USD",
        "Country": "USA",
        "Sector": "LIFE SCIENCES",
        "Industry": "PHARMACEUTICAL PREPARATIONS",
        "Address": "235 E 42ND ST, NEW YORK, NY, US",
        "OfficialSite": "https://www.pfizer.com",
        "FiscalYearEnd": "December",
        "LatestQuarter": "2024-06-30",
        "MarketCapitalization": "165864309000",
        "EBITDA": "9963000000",
        "PERatio": "None",
        "PEGRatio": "0.22",
        "BookValue": "15.48",
        "DividendPerShare": "1.66",
        "DividendYield": "0.0574",
        "EPS": "-0.46",
        "RevenuePerShareTTM": "9.76",
        "ProfitMargin": "-0.047",
        "OperatingMarginTTM": "0.224",
        "ReturnOnAssetsTTM": "0.0094",
        "ReturnOnEquityTTM": "-0.0274",
        "RevenueTTM": "55166001000",
        "GrossProfitTTM": "66233000000",
        "DilutedEPSTTM": "-0.46",
        "QuarterlyEarningsGrowthYOY": "-0.982",
        "QuarterlyRevenueGrowthYOY": "0.021",
        "AnalystTargetPrice": "33.01",
        "AnalystRatingStrongBuy": "3",
        "AnalystRatingBuy": "7",
        "AnalystRatingHold": "16",
        "AnalystRatingSell": "0",
        "AnalystRatingStrongSell": "0",
        "TrailingPE": "-",
        "ForwardPE": "10.45",
        "PriceToSalesRatioTTM": "3.007",
        "PriceToBookRatio": "1.891",
        "EVToRevenue": "4.123",
        "EVToEBITDA": "41.47",
        "Beta": "0.617",
        "52WeekHigh": "32.22",
        "52WeekLow": "24.48",
        "50DayMovingAverage": "29.19",
        "200DayMovingAverage": "28.13",
        "SharesOutstanding": "5666700000",
        "DividendDate": "2024-09-03",
        "ExDividendDate": "2024-07-26"
    }
}