{
    "income_statement": [
        {
            "fiscalDateEnding": "2023-12-31",
            "reportedCurrency": "USD",
            "grossProfit": "65885000000",
            "totalRevenue": "122428000000",
            "costOfRevenue": "56543000000",
            "costofGoodsAndServicesSold": "50123000000",
            "operatingIncome": "23461000000",
            "sellingGeneralAndAdministrative": "28874000000",
            "researchAndDevelopment": "954000000",
            "operatingExpenses": "31525000000",
            "investmentIncomeNet": "None",
            "netInterestIncome": "-6704000000",
            "interestIncome": "None",
            "interestExpense": "6704000000",
            "nonInterestIncome": "89000000",
            "otherNonOperatingIncome": "1416000000",
            "depreciation": "18593000000",
            "depreciationAndAmortization": "232000000",
            "incomeBeforeTax": "18625000000",
            "incomeTaxExpense": "4225000000",
            "interestAndDebtExpense": "6704000000",
            "netIncomeFromContinuingOperations": "14192000000",
            "comprehensiveIncomeNetOfTax": "13934000000",
            "ebit": "25329000000",
            "ebitda": "25561000000",
            "netIncome": "14400000000"
        },
        {
            "fiscalDateEnding": "2022-12-31",
            "reportedCurrency": "USD",
            "grossProfit": "39925000000",
            "totalRevenue": "120741000000",
            "costOfRevenue": "80816000000",
            "costofGoodsAndServicesSold": "50848000000",
            "operatingIncome": "-4587000000",
            "sellingGeneralAndAdministrative": "28961000000",
            "researchAndDevelopment": "1236000000",
            "operatingExpenses": "55842000000",
            "investmentIncomeNet": "None",
            "netInterestIncome": "-6108000000",
            "interestIncome": "4317000000",
            "interestExpense": "6108000000",
            "nonInterestIncome": "-80000000",
            "otherNonOperatingIncome": "5810000000",
            "depreciation": "17852000000",
            "depreciationAndAmortization": "204000000",
            "incomeBeforeTax": "-4744000000",
            "incomeTaxExpense": "3780000000",
            "interestAndDebtExpense": "6108000000",
            "netIncomeFromContinuingOperations": "-8546000000",
            "comprehensiveIncomeNetOfTax": "-9287000000",
            "ebit": "1364000000",
            "ebitda": "1568000000",
            "netIncome": "-8524000000"
        },
        {
            "fiscalDateEnding": "2021-12-31",
            "reportedCurrency": "USD",
            "grossProfit": "95144000000",
            "totalRevenue": "134038000000",
            "costOfRevenue": "73720000000",
            "costofGoodsAndServicesSold": "60407000000",
            "operatingIncome": "25897000000",
            "sellingGeneralAndAdministrative": "29669000000",
            "researchAndDevelopment": "1325000000",
            "operatingExpenses": "43728000000",
            "investmentIncomeNet": "None",
            "netInterestIncome": "-6884000000",
            "interestIncome": "-168000000",
            "interestExpense": "6716000000",
            "nonInterestIncome": "-5000000",
            "otherNonOperatingIncome": "9387000000",
            "depreciation": "17634000000",
            "depreciationAndAmortization": "4544000000",
            "incomeBeforeTax": "25476000000",
            "incomeTaxExpense": "5395000000",
            "interestAndDebtExpense": "6884000000",
            "netIncomeFromContinuingOperations": "22084000000",
            "comprehensiveIncomeNetOfTax": "19280000000",
            "ebit": "32192000000",
            "ebitda": "36736000000",
            "netIncome": "20081000000"
        },
        {
            "fiscalDateEnding": "2020-12-31",
            "reportedCurrency": "USD",
            "grossProfit": "81675000000",
            "totalRevenue": "143050000000",
            "costOfRevenue": "90085000000",
            "costofGoodsAndServicesSold": "79920000000",
            "operatingIncome": "8372000000",
            "sellingGeneralAndAdministrative": "30817000000",
            "researchAndDevelopment": "1210000000",
            "operatingExpenses": "59148000000",
            "investmentIncomeNet": "None",
            "netInterestIncome": "-7925000000",
            "interestIncome": "-198000000",
            "interestExpense": "7727000000",
            "nonInterestIncome": "-25000000",
            "otherNonOperatingIncome": "-1088000000",
            "depreciation": "19028000000",
            "depreciationAndAmortization": "8526000000",
            "incomeBeforeTax": "-4008000000",
            "incomeTaxExpense": "1168000000",
            "interestAndDebtExpense": "7925000000",
            "netIncomeFromContinuingOperations": "-3185000000",
            "comprehensiveIncomeNetOfTax": "-6316000000",
            "ebit": "3719000000",
            "ebitda": "12245000000",
            "netIncome": "-5176000000"
        },
        {
            "fiscalDateEnding": "2019-12-31",
            "reportedCurrency": "USD",
            "grossProfit": "99212000000",
            "totalRevenue": "181193000000",
            "costOfRevenue": "81981000000",
            "costofGoodsAndServicesSold": "84141000000",
            "operatingIncome": "27955000000",
            "sellingGeneralAndAdministrative": "39422000000",
            "researchAndDevelopment": "1276000000",
            "operatingExpenses": "50200000000",
            "investmentIncomeNet": "None",
            "netInterestIncome": "-8422000000",
            "interestIncome": "8215000000",
            "interestExpense": "8422000000",
            "nonInterestIncome": "100000000",
            "otherNonOperatingIncome": "-1071000000",
            "depreciation": "20758000000",
            "depreciationAndAmortization": "8203000000",
            "incomeBeforeTax": "17396000000",
            "incomeTaxExpense": "3493000000",
            "interestAndDebtExpense": "8422000000",
            "netIncomeFromContinuingOperations": "14975000000",
            "comprehensiveIncomeNetOfTax": "15124000000",
            "ebit": "25818000000",
            "ebitda": "34021000000",
            "netIncome": "13903000000"
        },
        {
            "fiscalDateEnding": "2018-12-31",
            "reportedCurrency": "USD",
            "grossProfit": "101085000000",
            "totalRevenue": "170756000000",
            "costOfRevenue": "69671000000",
            "costofGoodsAndServicesSold": "79419000000",
            "operatingIncome": "26096000000",
            "sellingGeneralAndAdministrative": "36765000000",
            "researchAndDevelopment": "1194000000",
            "operatingExpenses": "38556000000",
            "investmentIncomeNet": "None",
            "netInterestIncome": "-7957000000",
            "interestIncome": "8185000000",
            "interestExpense": "7957000000",
            "nonInterestIncome": "-10000000",
            "otherNonOperatingIncome": "6782000000",
            "depreciation": "20083000000",
            "depreciationAndAmortization": "8347000000",
            "incomeBeforeTax": "24290000000",
            "incomeTaxExpense": "4920000000",
            "interestAndDebtExpense": "7957000000",
            "netIncomeFromContinuingOperations": "19953000000",
            "comprehensiveIncomeNetOfTax": "17260000000",
            "ebit": "32247000000",
            "ebitda": "40594000000",
            "netIncome": "19370000000"
        },
        {
            "fiscalDateEnding": "2017-12-31",
            "reportedCurrency": "USD",
            "grossProfit": "83492000000",
            "totalRevenue": "160546000000",
            "costOfRevenue": "77054000000",
            "costofGoodsAndServicesSold": "37511000000",
            "operatingIncome": "19970000000",
            "sellingGeneralAndAdministrative": "35465000000",
            "researchAndDevelopment": "1503000000",
            "operatingExpenses": "41185000000",
            "investmentIncomeNet": "None",
            "netInterestIncome": "-6300000000",
            "interestIncome": "6405000000",
            "interestExpense": "6300000000",
            "nonInterestIncome": "None",
            "otherNonOperatingIncome": "1597000000",
            "depreciation": "19761000000",
            "depreciationAndAmortization": "4626000000",
            "incomeBeforeTax": "14742000000",
            "incomeTaxExpense": "-14708000000",
            "interestAndDebtExpense": "6300000000",
            "netIncomeFromContinuingOperations": "29847000000",
            "comprehensiveIncomeNetOfTax": "29977000000",
            "ebit": "21042000000",
            "ebitda": "25668000000",
            "netIncome": "29450000000"
        },
        {
            "fiscalDateEnding": "2016-12-31",
            "reportedCurrency": "USD",
            "grossProfit": "83977000000",
            "totalRevenue": "163786000000",
            "costOfRevenue": "79809000000",
            "costofGoodsAndServicesSold": "38276000000",
            "operatingIncome": "23543000000",
            "sellingGeneralAndAdministrative": "36845000000",
            "researchAndDevelopment": "1649000000",
            "operatingExpenses": "43007000000",
            "investmentIncomeNet": "None",
            "netInterestIncome": "-4910000000",
            "interestIncome": "4694000000",
            "interestExpense": "4910000000",
            "nonInterestIncome": "None",
            "otherNonOperatingIncome": "1081000000",
            "depreciation": "20661000000",
            "depreciationAndAmortization": "5186000000",
            "incomeBeforeTax": "19455000000",
            "incomeTaxExpense": "6479000000",
            "interestAndDebtExpense": "4910000000",
            "netIncomeFromContinuingOperations": "12976000000",
            "comprehensiveIncomeNetOfTax": "12603000000",
            "ebit": "24365000000",
            "ebitda": "29551000000",
            "netIncome": "12976000000"
        },
        {
            "fiscalDateEnding": "2015-12-31",
            "reportedCurrency": "USD",
            "grossProfit": "68275000000",
            "totalRevenue": "146801000000",
            "costOfRevenue": "78526000000",
            "costofGoodsAndServicesSold": "35782000000",
            "operatingIncome": "24785000000",
            "sellingGeneralAndAdministrative": "32919000000",
            "researchAndDevelopment": "1693000000",
            "operatingExpenses": "44160000000",
            "investmentIncomeNet": "None",
            "netInterestIncome": "-4120000000",
            "interestIncome": "4041000000",
            "interestExpense": "4120000000",
            "nonInterestIncome": "None",
            "otherNonOperatingIncome": "-52000000",
            "depreciation": "19289000000",
            "depreciationAndAmortization": "2728000000",
            "incomeBeforeTax": "20350000000",
            "incomeTaxExpense": "7005000000",
            "interestAndDebtExpense": "4120000000",
            "netIncomeFromContinuingOperations": "13345000000",
            "comprehensiveIncomeNetOfTax": "10618000000",
            "ebit": "24470000000",
            "ebitda": "27198000000",
            "netIncome": "13345000000"
        },
        {
            "fiscalDateEnding": "2014-12-31",
            "reportedCurrency": "USD",
            "grossProfit": "71836000000",
            "totalRevenue": "132447000000",
            "costOfRevenue": "60611000000",
            "costofGoodsAndServicesSold": "37124000000",
            "operatingIncome": "12212000000",
            "sellingGeneralAndAdministrative": "39697000000",
            "researchAndDevelopment": "1730000000",
            "operatingExpenses": "41229000000",
            "investmentIncomeNet": "None",
            "netInterestIncome": "-3613000000",
            "interestIncome": "None",
            "interestExpense": "3613000000",
            "nonInterestIncome": "None",
            "otherNonOperatingIncome": "1581000000",
            "depreciation": "17773000000",
            "depreciationAndAmortization": "500000000",
            "incomeBeforeTax": "10061000000",
            "incomeTaxExpense": "3619000000",
            "interestAndDebtExpense": "3613000000",
            "netIncomeFromContinuingOperations": "6442000000",
            "comprehensiveIncomeNetOfTax": "6623000000",
            "ebit": "13674000000",
            "ebitda": "14174000000",
            "netIncome": "6442000000"
        },
        {
            "fiscalDateEnding": "2013-12-31",
            "reportedCurrency": "USD",
            "grossProfit": "77288000000",
            "totalRevenue": "128752000000",
            "costOfRevenue": "51464000000",
            "costofGoodsAndServicesSold": "31239000000",
            "operatingIncome": "30752000000",
            "sellingGeneralAndAdministrative": "28414000000",
            "researchAndDevelopment": "1488000000",
            "operatingExpenses": "98273000000",
            "investmentIncomeNet": "None",
            "netInterestIncome": "-3940000000",
            "interestIncome": "None",
            "interestExpense": "3940000000",
            "nonInterestIncome": "None",
            "otherNonOperatingIncome": "596000000",
            "depreciation": "17722000000",
            "depreciationAndAmortization": "672000000",
            "incomeBeforeTax": "27746000000",
            "incomeTaxExpense": "9328000000",
            "interestAndDebtExpense": "3940000000",
            "netIncomeFromContinuingOperations": "18418000000",
            "comprehensiveIncomeNetOfTax": "21063000000",
            "ebit": "31686000000",
            "ebitda": "32358000000",
            "netIncome": "18418000000"
        },
        {
            "fiscalDateEnding": "2012-12-31",
            "reportedCurrency": "USD",
            "grossProfit": "72206000000",
            "totalRevenue": "127434000000",
            "costOfRevenue": "55228000000",
            "costofGoodsAndServicesSold": "55215000000",
            "operatingIncome": "12997000000",
            "sellingGeneralAndAdministrative": "41066000000",
            "researchAndDevelopment": "1278000000",
            "operatingExpenses": "114437000000",
            "investmentIncomeNet": "None",
            "netInterestIncome": "-3444000000",
            "interestIncome": "None",
            "interestExpense": "3444000000",
            "nonInterestIncome": "None",
            "otherNonOperatingIncome": "134000000",
            "depreciation": "16933000000",
            "depreciationAndAmortization": "1210000000",
            "incomeBeforeTax": "10164000000",
            "incomeTaxExpense": "2900000000",
            "interestAndDebtExpense": "3444000000",
            "netIncomeFromContinuingOperations": "7264000000",
            "comprehensiveIncomeNetOfTax": "9320000000",
            "ebit": "13608000000",
            "ebitda": "14818000000",
            "netIncome": "7264000000"
        },
        {
            "fiscalDateEnding": "2011-12-31",
            "reportedCurrency": "USD",
            "grossProfit": "71819000000",
            "totalRevenue": "126723000000",
            "costOfRevenue": "54904000000",
            "costofGoodsAndServicesSold": "57374000000",
            "operatingIncome": "9218000000",
            "sellingGeneralAndAdministrative": "41314000000",
            "researchAndDevelopment": "1197000000",
            "operatingExpenses": "117505000000",
            "investmentIncomeNet": "None",
            "netInterestIncome": "-3535000000",
            "interestIncome": "None",
            "interestExpense": "3535000000",
            "nonInterestIncome": "-660000000",
            "otherNonOperatingIncome": "249000000",
            "depreciation": "16368000000",
            "depreciationAndAmortization": "2009000000",
            "incomeBeforeTax": "6476000000",
            "incomeTaxExpense": "2532000000",
            "interestAndDebtExpense": "3535000000",
            "netIncomeFromContinuingOperations": "3944000000",
            "comprehensiveIncomeNetOfTax": "4412000000",
            "ebit": "10011000000",
            "ebitda": "12020000000",
            "netIncome": "3944000000"
        },
        {
            "fiscalDateEnding": "2010-12-31",
            "reportedCurrency": "USD",
            "grossProfit": "74023000000",
            "totalRevenue": "124280000000",
            "costOfRevenue": "50257000000",
            "costofGoodsAndServicesSold": "52263000000",
            "operatingIncome": "19573000000",
            "sellingGeneralAndAdministrative": "34986000000",
            "researchAndDevelopment": "1345000000",
            "operatingExpenses": "104707000000",
            "investmentIncomeNet": "None",
            "netInterestIncome": "-2994000000",
            "interestIncome": "None",
            "interestExpense": "2994000000",
            "nonInterestIncome": "-204000000",
            "otherNonOperatingIncome": "897000000",
            "depreciation": "16402000000",
            "depreciationAndAmortization": "2977000000",
            "incomeBeforeTax": "18702000000",
            "incomeTaxExpense": "-1162000000",
            "interestAndDebtExpense": "2994000000",
            "netIncomeFromContinuingOperations": "19085000000",
            "comprehensiveIncomeNetOfTax": "19898000000",
            "ebit": "21696000000",
            "ebitda": "24673000000",
            "netIncome": "19864000000"
        },
        {
            "fiscalDateEnding": "2009-12-31",
            "reportedCurrency": "USD",
            "grossProfit": "71874000000",
            "totalRevenue": "122513000000",
            "costOfRevenue": "50639000000",
            "costofGoodsAndServicesSold": "50405000000",
            "operatingIncome": "21000000000",
            "sellingGeneralAndAdministrative": "31359000000",
            "researchAndDevelopment": "986000000",
            "operatingExpenses": "101513000000",
            "investmentIncomeNet": "None",
            "netInterestIncome": "-3379000000",
            "interestIncome": "-11000000",
            "interestExpense": "3368000000",
            "nonInterestIncome": "None",
            "otherNonOperatingIncome": "152000000",
            "depreciation": "15849000000",
            "depreciationAndAmortization": "19714000000",
            "incomeBeforeTax": "18229000000",
            "incomeTaxExpense": "6091000000",
            "interestAndDebtExpense": "3379000000",
            "netIncomeFromContinuingOperations": "12118000000",
            "comprehensiveIncomeNetOfTax": "15234000000",
            "ebit": "21597000000",
            "ebitda": "42092000000",
            "netIncome": "12138000000"
        }
    ],
    "overview": {
        "Symbol": "T",
        "AssetType": "Common Stock",
        "Name": "AT&T Inc",
        "Description": "AT&T Inc. is an American multinational conglomerate holding company, Delaware-registered but headquartered at Whitacre Tower in Downtown Dallas, Texas. It is the world largest telecommunications company, and the second largest provider of mobile telephone services.",
        "CIK": "732717",
        "Exchange": "NYSE",
        "Currency": "USD",
        "Country": "USA",
        "Sector": "TECHNOLOGY",
        "Industry": "TELEPHONE COMMUNICATIONS (NO RADIOTELEPHONE)",
        "Address": "208 S. AKARD ST, ATTN : JAMES LACY, DALLAS, TX, US",
        "OfficialSite": "https://www.att.com",
        "FiscalYearEnd": "December",
        "LatestQuarter": "2024-06-30",
        "MarketCapitalization": "155163984000",
        "EBITDA": "42100998000",
        "PERatio": "12.44",
        "PEGRatio": "1.933",
        "BookValue": "14.69",
        "DividendPerShare": "1.11",
        "DividendYield": "0.0514",
        "EPS": "1.74",
        "RevenuePerShareTTM": "16.99",
        "ProfitMargin": "0.104",
        "OperatingMarginTTM": "0.23",
        "ReturnOnAssetsTTM": "0.0396",
        "ReturnOnEquityTTM": "0.118",
        "RevenueTTM": "122197000000",
        "GrossProfitTTM": "69893000000",
        "DilutedEPSTTM": "1.74",
        "QuarterlyEarningsGrowthYOY": "-0.197",
        "QuarterlyRevenueGrowthYOY": "-0.004",
        "AnalystTargetPrice": "21.26",
        "AnalystRatingStrongBuy": "5",
        "AnalystRatingBuy": "11",
        "AnalystRatingHold": "11",
        "AnalystRatingSell": "2",
        "AnalystRatingStrongSell": "0",
        "TrailingPE": "12.44",
        "ForwardPE": "9.47",
        "PriceToSalesRatioTTM": "1.27",
        "PriceToBookRatio": "1.473",
        "EVToRevenue": "2.454",
        "EVToEBITDA": "6.77",
        "Beta": "0.733",
        "52WeekHigh": "21.86",
        "52WeekLow": "13.47",
        "50DayMovingAverage": "19.56",
        "200DayMovingAverage": "17.77",
        "SharesOutstanding": "7170240000",
        "DividendDate": "2024-08-01",
        "ExDividendDate": "2024-07-10"
    }
}