{
    "income_statement": [
        {
            "fiscalDateEnding": "2024-02-03",
            "reportedCurrency": "USD",
            "grossProfit": "5123000000",
            "totalRevenue": "106930000000",
            "costOfRevenue": "101807000000",
            "costofGoodsAndServicesSold": "77736000000",
            "operatingIncome": "5707000000",
            "sellingGeneralAndAdministrative": "21554000000",
            "researchAndDevelopment": "None",
            "operatingExpenses": "24071000000",
            "investmentIncomeNet": "None",
            "netInterestIncome": "-502000000",
            "interestIncome": "None",
            "interestExpense": "502000000",
            "nonInterestIncome": "107412000000",
            "otherNonOperatingIncome": "92000000",
            "depreciation": "2800000000",
            "depreciationAndAmortization": "2415000000",
            "incomeBeforeTax": "5297000000",
            "incomeTaxExpense": "1159000000",
            "interestAndDebtExpense": "502000000",
            "netIncomeFromContinuingOperations": "4141000000",
            "comprehensiveIncomeNetOfTax": "4097000000",
            "ebit": "5799000000",
            "ebitda": "8214000000",
            "netIncome": "4138000000"
        },
        {
            "fiscalDateEnding": "2023-01-28",
            "reportedCurrency": "USD",
            "grossProfit": "3323000000",
            "totalRevenue": "108661000000",
            "costOfRevenue": "105338000000",
            "costofGoodsAndServicesSold": "82229000000",
            "operatingIncome": "3848000000",
            "sellingGeneralAndAdministrative": "20658000000",
            "researchAndDevelopment": "None",
            "operatingExpenses": "23109000000",
            "investmentIncomeNet": "None",
            "netInterestIncome": "-478000000",
            "interestIncome": "478000000",
            "interestExpense": "478000000",
            "nonInterestIncome": "109120000000",
            "otherNonOperatingIncome": "48000000",
            "depreciation": "2700000000",
            "depreciationAndAmortization": "2385000000",
            "incomeBeforeTax": "3418000000",
            "incomeTaxExpense": "638000000",
            "interestAndDebtExpense": "478000000",
            "netIncomeFromContinuingOperations": "2780000000",
            "comprehensiveIncomeNetOfTax": "2914000000",
            "ebit": "3896000000",
            "ebitda": "6281000000",
            "netIncome": "2780000000"
        },
        {
            "fiscalDateEnding": "2022-01-29",
            "reportedCurrency": "USD",
            "grossProfit": "8791000000",
            "totalRevenue": "105937000000",
            "costOfRevenue": "97146000000",
            "costofGoodsAndServicesSold": "74963000000",
            "operatingIncome": "8946000000",
            "sellingGeneralAndAdministrative": "19752000000",
            "researchAndDevelopment": "None",
            "operatingExpenses": "21848000000",
            "investmentIncomeNet": "None",
            "netInterestIncome": "-421000000",
            "interestIncome": "421000000",
            "interestExpense": "421000000",
            "nonInterestIncome": "106340000000",
            "otherNonOperatingIncome": "382000000",
            "depreciation": "2600000000",
            "depreciationAndAmortization": "2344000000",
            "incomeBeforeTax": "8907000000",
            "incomeTaxExpense": "1961000000",
            "interestAndDebtExpense": "421000000",
            "netIncomeFromContinuingOperations": "6946000000",
            "comprehensiveIncomeNetOfTax": "7149000000",
            "ebit": "9328000000",
            "ebitda": "11672000000",
            "netIncome": "6946000000"
        },
        {
            "fiscalDateEnding": "2021-01-30",
            "reportedCurrency": "USD",
            "grossProfit": "5003000000",
            "totalRevenue": "92087000000",
            "costOfRevenue": "87084000000",
            "costofGoodsAndServicesSold": "66177000000",
            "operatingIncome": "6539000000",
            "sellingGeneralAndAdministrative": "18615000000",
            "researchAndDevelopment": "None",
            "operatingExpenses": "20907000000",
            "investmentIncomeNet": "None",
            "netInterestIncome": "-977000000",
            "interestIncome": "465000000",
            "interestExpense": "977000000",
            "nonInterestIncome": "93049000000",
            "otherNonOperatingIncome": "-16000000",
            "depreciation": "2500000000",
            "depreciationAndAmortization": "2230000000",
            "incomeBeforeTax": "5546000000",
            "incomeTaxExpense": "1178000000",
            "interestAndDebtExpense": "1489000000",
            "netIncomeFromContinuingOperations": "4368000000",
            "comprehensiveIncomeNetOfTax": "4480000000",
            "ebit": "6523000000",
            "ebitda": "8753000000",
            "netIncome": "4368000000"
        },
        {
            "fiscalDateEnding": "2020-02-01",
            "reportedCurrency": "USD",
            "grossProfit": "4161000000",
            "totalRevenue": "77638000000",
            "costOfRevenue": "73477000000",
            "costofGoodsAndServicesSold": "54864000000",
            "operatingIncome": "4658000000",
            "sellingGeneralAndAdministrative": "16233000000",
            "researchAndDevelopment": "None",
            "operatingExpenses": "18613000000",
            "investmentIncomeNet": "None",
            "netInterestIncome": "-477000000",
            "interestIncome": "467000000",
            "interestExpense": "477000000",
            "nonInterestIncome": "78102000000",
            "otherNonOperatingIncome": "9000000",
            "depreciation": "2600000000",
            "depreciationAndAmortization": "2357000000",
            "incomeBeforeTax": "4202000000",
            "incomeTaxExpense": "921000000",
            "interestAndDebtExpense": "487000000",
            "netIncomeFromContinuingOperations": "3269000000",
            "comprehensiveIncomeNetOfTax": "3218000000",
            "ebit": "4679000000",
            "ebitda": "7036000000",
            "netIncome": "3281000000"
        },
        {
            "fiscalDateEnding": "2019-02-02",
            "reportedCurrency": "USD",
            "grossProfit": "3568000000",
            "totalRevenue": "74906000000",
            "costOfRevenue": "71338000000",
            "costofGoodsAndServicesSold": "53299000000",
            "operatingIncome": "4110000000",
            "sellingGeneralAndAdministrative": "15723000000",
            "researchAndDevelopment": "None",
            "operatingExpenses": "18039000000",
            "investmentIncomeNet": "None",
            "netInterestIncome": "-461000000",
            "interestIncome": "461000000",
            "interestExpense": "461000000",
            "nonInterestIncome": "75356000000",
            "otherNonOperatingIncome": "27000000",
            "depreciation": "2500000000",
            "depreciationAndAmortization": "2224000000",
            "incomeBeforeTax": "3684000000",
            "incomeTaxExpense": "746000000",
            "interestAndDebtExpense": "461000000",
            "netIncomeFromContinuingOperations": "2930000000",
            "comprehensiveIncomeNetOfTax": "2879000000",
            "ebit": "4145000000",
            "ebitda": "6369000000",
            "netIncome": "2938000000"
        },
        {
            "fiscalDateEnding": "2018-02-03",
            "reportedCurrency": "USD",
            "grossProfit": "20754000000",
            "totalRevenue": "71938000000",
            "costOfRevenue": "68581000000",
            "costofGoodsAndServicesSold": "51125000000",
            "operatingIncome": "4224000000",
            "sellingGeneralAndAdministrative": "15140000000",
            "researchAndDevelopment": "None",
            "operatingExpenses": "17456000000",
            "investmentIncomeNet": "None",
            "netInterestIncome": "-653000000",
            "interestIncome": "530000000",
            "interestExpense": "653000000",
            "nonInterestIncome": "72591000000",
            "otherNonOperatingIncome": "59000000",
            "depreciation": "2462000000",
            "depreciationAndAmortization": "2225000000",
            "incomeBeforeTax": "3630000000",
            "incomeTaxExpense": "722000000",
            "interestAndDebtExpense": "776000000",
            "netIncomeFromContinuingOperations": "2908000000",
            "comprehensiveIncomeNetOfTax": "2922000000",
            "ebit": "4224000000",
            "ebitda": "6508000000",
            "netIncome": "2908000000"
        },
        {
            "fiscalDateEnding": "2017-01-28",
            "reportedCurrency": "USD",
            "grossProfit": "20350000000",
            "totalRevenue": "68111000000",
            "costOfRevenue": "62289000000",
            "costofGoodsAndServicesSold": "49145000000",
            "operatingIncome": "4864000000",
            "sellingGeneralAndAdministrative": "14217000000",
            "researchAndDevelopment": "None",
            "operatingExpenses": "13417000000",
            "investmentIncomeNet": "None",
            "netInterestIncome": "-1004000000",
            "interestIncome": "-13000000",
            "interestExpense": "991000000",
            "nonInterestIncome": "-380000000",
            "otherNonOperatingIncome": "88000000",
            "depreciation": "2305000000",
            "depreciationAndAmortization": "2045000000",
            "incomeBeforeTax": "3964000000",
            "incomeTaxExpense": "1295000000",
            "interestAndDebtExpense": "1426000000",
            "netIncomeFromContinuingOperations": "2666000000",
            "comprehensiveIncomeNetOfTax": "2725000000",
            "ebit": "4864000000",
            "ebitda": "7000000000",
            "netIncome": "2669000000"
        },
        {
            "fiscalDateEnding": "2016-01-30",
            "reportedCurrency": "USD",
            "grossProfit": "21544000000",
            "totalRevenue": "73215000000",
            "costOfRevenue": "66912000000",
            "costofGoodsAndServicesSold": "52241000000",
            "operatingIncome": "7454000000",
            "sellingGeneralAndAdministrative": "14665000000",
            "researchAndDevelopment": "None",
            "operatingExpenses": "14295000000",
            "investmentIncomeNet": "None",
            "netInterestIncome": "-607000000",
            "interestIncome": "None",
            "interestExpense": "607000000",
            "nonInterestIncome": "37000000",
            "otherNonOperatingIncome": "-78000000",
            "depreciation": "None",
            "depreciationAndAmortization": "1969000000",
            "incomeBeforeTax": "4923000000",
            "incomeTaxExpense": "1602000000",
            "interestAndDebtExpense": "607000000",
            "netIncomeFromContinuingOperations": "3321000000",
            "comprehensiveIncomeNetOfTax": "3333000000",
            "ebit": "5530000000",
            "ebitda": "7499000000",
            "netIncome": "3321000000"
        },
        {
            "fiscalDateEnding": "2015-01-31",
            "reportedCurrency": "USD",
            "grossProfit": "21340000000",
            "totalRevenue": "72618000000",
            "costOfRevenue": "51278000000",
            "costofGoodsAndServicesSold": "51278000000",
            "operatingIncome": "-8333000000",
            "sellingGeneralAndAdministrative": "14676000000",
            "researchAndDevelopment": "None",
            "operatingExpenses": "14822000000",
            "investmentIncomeNet": "None",
            "netInterestIncome": "-882000000",
            "interestIncome": "None",
            "interestExpense": "882000000",
            "nonInterestIncome": "-242000000",
            "otherNonOperatingIncome": "-29000000",
            "depreciation": "None",
            "depreciationAndAmortization": "22000000",
            "incomeBeforeTax": "3653000000",
            "incomeTaxExpense": "1204000000",
            "interestAndDebtExpense": "1167000000",
            "netIncomeFromContinuingOperations": "2449000000",
            "comprehensiveIncomeNetOfTax": "-1344000000",
            "ebit": "4535000000",
            "ebitda": "4557000000",
            "netIncome": "2449000000"
        },
        {
            "fiscalDateEnding": "2014-02-01",
            "reportedCurrency": "USD",
            "grossProfit": "21240000000",
            "totalRevenue": "71279000000",
            "costOfRevenue": "50039000000",
            "costofGoodsAndServicesSold": "50039000000",
            "operatingIncome": "-7994000000",
            "sellingGeneralAndAdministrative": "14465000000",
            "researchAndDevelopment": "None",
            "operatingExpenses": "14585000000",
            "investmentIncomeNet": "None",
            "netInterestIncome": "-1049000000",
            "interestIncome": "None",
            "interestExpense": "1049000000",
            "nonInterestIncome": "-421000000",
            "otherNonOperatingIncome": "None",
            "depreciation": "None",
            "depreciationAndAmortization": "20000000",
            "incomeBeforeTax": "4121000000",
            "incomeTaxExpense": "1427000000",
            "interestAndDebtExpense": "1494000000",
            "netIncomeFromContinuingOperations": "2694000000",
            "comprehensiveIncomeNetOfTax": "1656000000",
            "ebit": "5170000000",
            "ebitda": "5190000000",
            "netIncome": "2694000000"
        },
        {
            "fiscalDateEnding": "2013-02-02",
            "reportedCurrency": "USD",
            "grossProfit": "7760000000",
            "totalRevenue": "73301000000",
            "costOfRevenue": "65541000000",
            "costofGoodsAndServicesSold": "50568000000",
            "operatingIncome": "5206000000",
            "sellingGeneralAndAdministrative": "14643000000",
            "researchAndDevelopment": "None",
            "operatingExpenses": "15927000000",
            "investmentIncomeNet": "None",
            "netInterestIncome": "579000000",
            "interestIncome": "1263000000",
            "interestExpense": "684000000",
            "nonInterestIncome": "39000000",
            "otherNonOperatingIncome": "None",
            "depreciation": "None",
            "depreciationAndAmortization": "22000000",
            "incomeBeforeTax": "4740000000",
            "incomeTaxExpense": "1741000000",
            "interestAndDebtExpense": "762000000",
            "netIncomeFromContinuingOperations": "3315000000",
            "comprehensiveIncomeNetOfTax": "3104000000",
            "ebit": "5206000000",
            "ebitda": "5446000000",
            "netIncome": "2999000000"
        },
        {
            "fiscalDateEnding": "2012-01-28",
            "reportedCurrency": "USD",
            "grossProfit": "7745000000",
            "totalRevenue": "69865000000",
            "costOfRevenue": "62120000000",
            "costofGoodsAndServicesSold": "47860000000",
            "operatingIncome": "5250000000",
            "sellingGeneralAndAdministrative": "14106000000",
            "researchAndDevelopment": "None",
            "operatingExpenses": "15066000000",
            "investmentIncomeNet": "3000000",
            "netInterestIncome": "533000000",
            "interestIncome": "1399000000",
            "interestExpense": "866000000",
            "nonInterestIncome": "18000000",
            "otherNonOperatingIncome": "None",
            "depreciation": "2107000000",
            "depreciationAndAmortization": "24000000",
            "incomeBeforeTax": "4456000000",
            "incomeTaxExpense": "1527000000",
            "interestAndDebtExpense": "866000000",
            "netIncomeFromContinuingOperations": "2929000000",
            "comprehensiveIncomeNetOfTax": "2829000000",
            "ebit": "5250000000",
            "ebitda": "5346000000",
            "netIncome": "2929000000"
        },
        {
            "fiscalDateEnding": "2011-01-29",
            "reportedCurrency": "USD",
            "grossProfit": "7668000000",
            "totalRevenue": "67390000000",
            "costOfRevenue": "59722000000",
            "costofGoodsAndServicesSold": "45725000000",
            "operatingIncome": "5169000000",
            "sellingGeneralAndAdministrative": "13469000000",
            "researchAndDevelopment": "None",
            "operatingExpenses": "14331000000",
            "investmentIncomeNet": "3000000",
            "netInterestIncome": "847000000",
            "interestIncome": "1604000000",
            "interestExpense": "757000000",
            "nonInterestIncome": "24000000",
            "otherNonOperatingIncome": "None",
            "depreciation": "2060000000",
            "depreciationAndAmortization": "24000000",
            "incomeBeforeTax": "4495000000",
            "incomeTaxExpense": "1575000000",
            "interestAndDebtExpense": "757000000",
            "netIncomeFromContinuingOperations": "2920000000",
            "comprehensiveIncomeNetOfTax": "2920000000",
            "ebit": "5169000000",
            "ebitda": "5276000000",
            "netIncome": "2920000000"
        },
        {
            "fiscalDateEnding": "2010-01-30",
            "reportedCurrency": "USD",
            "grossProfit": "7032000000",
            "totalRevenue": "65357000000",
            "costOfRevenue": "58325000000",
            "costofGoodsAndServicesSold": "44062000000",
            "operatingIncome": "4576000000",
            "sellingGeneralAndAdministrative": "13078000000",
            "researchAndDevelopment": "None",
            "operatingExpenses": "13879000000",
            "investmentIncomeNet": "3000000",
            "netInterestIncome": "1121000000",
            "interestIncome": "1922000000",
            "interestExpense": "801000000",
            "nonInterestIncome": "54000000",
            "otherNonOperatingIncome": "None",
            "depreciation": "1999000000",
            "depreciationAndAmortization": "2023000000",
            "incomeBeforeTax": "3872000000",
            "incomeTaxExpense": "1384000000",
            "interestAndDebtExpense": "801000000",
            "netIncomeFromContinuingOperations": "2488000000",
            "comprehensiveIncomeNetOfTax": "2463000000",
            "ebit": "4576000000",
            "ebitda": "6699000000",
            "netIncome": "2488000000"
        }
    ],
    "overview": {
        "Symbol": "TGT",
        "AssetType": "Common Stock",
        "Name": "Target Corporation",
        "Description": "Target Corporation is an American retail corporation. Their retail formats include the discount store Target, the hypermarket SuperTarget, and small-format stores previously named CityTarget and TargetExpress before being consolidated under the Target branding.",
        "CIK": "27419",
        "Exchange": "NYSE",
        "Currency": "USD",
        "Country": "USA",
        "Sector": "TRADE & SERVICES",
        "Industry": "RETAIL-VARIETY STORES",
        "Address": "1000 NICOLLET MALL, MINNEAPOLIS, MN, US",
        "OfficialSite": "https://corporate.target.com",
        "FiscalYearEnd": "January",
        "LatestQuarter": "2024-07-31",
        "MarketCapitalization": "69727773000",
        "EBITDA": "9231000000",
        "PERatio": "15.62",
        "PEGRatio": "1.997",
        "BookValue": "31.26",
        "DividendPerShare": "4.4",
        "DividendYield": "0.0296",
        "EPS": "9.69",
        "RevenuePerShareTTM": "232.23",
        "ProfitMargin": "0.0418",
        "OperatingMarginTTM": "0.0664",
        "ReturnOnAssetsTTM": "0.0723",
        "ReturnOnEquityTTM": "0.34",
        "RevenueTTM": "107300004000",
        "GrossProfitTTM": "26891000000",
        "DilutedEPSTTM": "9.69",
        "QuarterlyEarningsGrowthYOY": "0.428",
        "QuarterlyRevenueGrowthYOY": "0.027",
        "AnalystTargetPrice": "177.99",
        "AnalystRatingStrongBuy": "8",
        "AnalystRatingBuy": "13",
        "AnalystRatingHold": "15",
        "AnalystRatingSell": "1",
        "AnalystRatingStrongSell": "0",
        "TrailingPE": "15.62",
        "ForwardPE": "16.34",
        "PriceToSalesRatioTTM": "0.65",
        "PriceToBookRatio": "4.832",
        "EVToRevenue": "0.792",
        "EVToEBITDA": "9.31",
        "Beta": "1.238",
        "52WeekHigh": "179.22",
        "52WeekLow": "99.66",
        "50DayMovingAverage": "147.85",
        "200DayMovingAverage": "150.88",
        "SharesOutstanding": "460675000",
        "DividendDate": "2024-09-10",
        "ExDividendDate": "2024-08-21"
    }
}