{
    "income_statement": [
        {
            "fiscalDateEnding": "2023-12-31",
            "reportedCurrency": "USD",
            "grossProfit": "17660000000",
            "totalRevenue": "96773000000",
            "costOfRevenue": "79113000000",
            "costofGoodsAndServicesSold": "463000000",
            "operatingIncome": "8891000000",
            "sellingGeneralAndAdministrative": "4800000000",
            "researchAndDevelopment": "3969000000",
            "operatingExpenses": "8769000000",
            "investmentIncomeNet": "1066000000",
            "netInterestIncome": "-156000000",
            "interestIncome": "1066000000",
            "interestExpense": "156000000",
            "nonInterestIncome": "96917000000",
            "otherNonOperatingIncome": "172000000",
            "depreciation": "3330000000",
            "depreciationAndAmortization": "506000000",
            "incomeBeforeTax": "9996000000",
            "incomeTaxExpense": "-5001000000",
            "interestAndDebtExpense": "156000000",
            "netIncomeFromContinuingOperations": "14974000000",
            "comprehensiveIncomeNetOfTax": "15215000000",
            "ebit": "10152000000",
            "ebitda": "10658000000",
            "netIncome": "14997000000"
        },
        {
            "fiscalDateEnding": "2022-12-31",
            "reportedCurrency": "USD",
            "grossProfit": "20853000000",
            "totalRevenue": "81462000000",
            "costOfRevenue": "60609000000",
            "costofGoodsAndServicesSold": "604000000",
            "operatingIncome": "13656000000",
            "sellingGeneralAndAdministrative": "3946000000",
            "researchAndDevelopment": "3075000000",
            "operatingExpenses": "7197000000",
            "investmentIncomeNet": "297000000",
            "netInterestIncome": "-191000000",
            "interestIncome": "41000000",
            "interestExpense": "191000000",
            "nonInterestIncome": "-81000000",
            "otherNonOperatingIncome": "-43000000",
            "depreciation": "2420000000",
            "depreciationAndAmortization": "493000000",
            "incomeBeforeTax": "13688000000",
            "incomeTaxExpense": "1130000000",
            "interestAndDebtExpense": "191000000",
            "netIncomeFromContinuingOperations": "12587000000",
            "comprehensiveIncomeNetOfTax": "12141000000",
            "ebit": "13879000000",
            "ebitda": "14372000000",
            "netIncome": "12556000000"
        },
        {
            "fiscalDateEnding": "2021-12-31",
            "reportedCurrency": "USD",
            "grossProfit": "13606000000",
            "totalRevenue": "53823000000",
            "costOfRevenue": "40217000000",
            "costofGoodsAndServicesSold": "374000000",
            "operatingIncome": "6523000000",
            "sellingGeneralAndAdministrative": "4517000000",
            "researchAndDevelopment": "2593000000",
            "operatingExpenses": "7083000000",
            "investmentIncomeNet": "56000000",
            "netInterestIncome": "-371000000",
            "interestIncome": "56000000",
            "interestExpense": "371000000",
            "nonInterestIncome": "-55000000",
            "otherNonOperatingIncome": "135000000",
            "depreciation": "1910000000",
            "depreciationAndAmortization": "466000000",
            "incomeBeforeTax": "6218000000",
            "incomeTaxExpense": "699000000",
            "interestAndDebtExpense": "371000000",
            "netIncomeFromContinuingOperations": "5644000000",
            "comprehensiveIncomeNetOfTax": "5210000000",
            "ebit": "6589000000",
            "ebitda": "7055000000",
            "netIncome": "5519000000"
        },
        {
            "fiscalDateEnding": "2020-12-31",
            "reportedCurrency": "USD",
            "grossProfit": "6630000000",
            "totalRevenue": "31536000000",
            "costOfRevenue": "24906000000",
            "costofGoodsAndServicesSold": "289000000",
            "operatingIncome": "1994000000",
            "sellingGeneralAndAdministrative": "3145000000",
            "researchAndDevelopment": "1491000000",
            "operatingExpenses": "4636000000",
            "investmentIncomeNet": "30000000",
            "netInterestIncome": "-748000000",
            "interestIncome": "30000000",
            "interestExpense": "748000000",
            "nonInterestIncome": "-336000000",
            "otherNonOperatingIncome": "-122000000",
            "depreciation": "1570000000",
            "depreciationAndAmortization": "399000000",
            "incomeBeforeTax": "1013000000",
            "incomeTaxExpense": "292000000",
            "interestAndDebtExpense": "853000000",
            "netIncomeFromContinuingOperations": "862000000",
            "comprehensiveIncomeNetOfTax": "1120000000",
            "ebit": "1761000000",
            "ebitda": "2160000000",
            "netIncome": "721000000"
        },
        {
            "fiscalDateEnding": "2019-12-31",
            "reportedCurrency": "USD",
            "grossProfit": "4069000000",
            "totalRevenue": "24578000000",
            "costOfRevenue": "20509000000",
            "costofGoodsAndServicesSold": "193000000",
            "operatingIncome": "-69000000",
            "sellingGeneralAndAdministrative": "2646000000",
            "researchAndDevelopment": "1343000000",
            "operatingExpenses": "4138000000",
            "investmentIncomeNet": "44000000",
            "netInterestIncome": "-685000000",
            "interestIncome": "44000000",
            "interestExpense": "685000000",
            "nonInterestIncome": "-98000000",
            "otherNonOperatingIncome": "45000000",
            "depreciation": "1370000000",
            "depreciationAndAmortization": "343000000",
            "incomeBeforeTax": "-752000000",
            "incomeTaxExpense": "110000000",
            "interestAndDebtExpense": "685000000",
            "netIncomeFromContinuingOperations": "-775000000",
            "comprehensiveIncomeNetOfTax": "-890000000",
            "ebit": "-67000000",
            "ebitda": "276000000",
            "netIncome": "-862000000"
        },
        {
            "fiscalDateEnding": "2018-12-31",
            "reportedCurrency": "USD",
            "grossProfit": "4042000000",
            "totalRevenue": "21461000000",
            "costOfRevenue": "17419000000",
            "costofGoodsAndServicesSold": "85272000",
            "operatingIncome": "-388000000",
            "sellingGeneralAndAdministrative": "2835000000",
            "researchAndDevelopment": "1460000000",
            "operatingExpenses": "4430000000",
            "investmentIncomeNet": "24533000",
            "netInterestIncome": "-663071000",
            "interestIncome": "-71000",
            "interestExpense": "663000000",
            "nonInterestIncome": "22184879000",
            "otherNonOperatingIncome": "22000000",
            "depreciation": "1110000000",
            "depreciationAndAmortization": "66000000",
            "incomeBeforeTax": "-918000000",
            "incomeTaxExpense": "58000000",
            "interestAndDebtExpense": "663071000",
            "netIncomeFromContinuingOperations": "-1062582000",
            "comprehensiveIncomeNetOfTax": "-1018000000",
            "ebit": "-255000000",
            "ebitda": "-189000000",
            "netIncome": "-976000000"
        },
        {
            "fiscalDateEnding": "2017-12-31",
            "reportedCurrency": "USD",
            "grossProfit": "2223000000",
            "totalRevenue": "11759000000",
            "costOfRevenue": "9536000000",
            "costofGoodsAndServicesSold": "7797183000",
            "operatingIncome": "-1632000000",
            "sellingGeneralAndAdministrative": "2477000000",
            "researchAndDevelopment": "1378000000",
            "operatingExpenses": "3855000000",
            "investmentIncomeNet": "19686000",
            "netInterestIncome": "-471259000",
            "interestIncome": "-259000",
            "interestExpense": "471000000",
            "nonInterestIncome": "948469000",
            "otherNonOperatingIncome": "-125000000",
            "depreciation": "769000000",
            "depreciationAndAmortization": "1636003000",
            "incomeBeforeTax": "-1930000000",
            "incomeTaxExpense": "32000000",
            "interestAndDebtExpense": "471259000",
            "netIncomeFromContinuingOperations": "-2240578000",
            "comprehensiveIncomeNetOfTax": "-1905000000",
            "ebit": "-1459000000",
            "ebitda": "177003000",
            "netIncome": "-1962000000"
        },
        {
            "fiscalDateEnding": "2016-12-31",
            "reportedCurrency": "USD",
            "grossProfit": "1599257000",
            "totalRevenue": "7000132000",
            "costOfRevenue": "5400875000",
            "costofGoodsAndServicesSold": "4559939000",
            "operatingIncome": "-667340000",
            "sellingGeneralAndAdministrative": "1432189000",
            "researchAndDevelopment": "834408000",
            "operatingExpenses": "2266597000",
            "investmentIncomeNet": "8530000",
            "netInterestIncome": "-198810000",
            "interestIncome": "164180000",
            "interestExpense": "198810000",
            "nonInterestIncome": "756309000",
            "otherNonOperatingIncome": "111272000",
            "depreciation": "477300000",
            "depreciationAndAmortization": "947099000",
            "incomeBeforeTax": "-648216000",
            "incomeTaxExpense": "26698000",
            "interestAndDebtExpense": "198810000",
            "netIncomeFromContinuingOperations": "-773046000",
            "comprehensiveIncomeNetOfTax": "-695098000",
            "ebit": "-449406000",
            "ebitda": "497693000",
            "netIncome": "-674914000"
        },
        {
            "fiscalDateEnding": "2015-12-31",
            "reportedCurrency": "USD",
            "grossProfit": "923503000",
            "totalRevenue": "4046025000",
            "costOfRevenue": "3122522000",
            "costofGoodsAndServicesSold": "2868242000",
            "operatingIncome": "-716629000",
            "sellingGeneralAndAdministrative": "922232000",
            "researchAndDevelopment": "717900000",
            "operatingExpenses": "1640132000",
            "investmentIncomeNet": "1508000",
            "netInterestIncome": "-118851000",
            "interestIncome": "None",
            "interestExpense": "118851000",
            "nonInterestIncome": "-55765000",
            "otherNonOperatingIncome": "-41652000",
            "depreciation": "None",
            "depreciationAndAmortization": "422590000",
            "incomeBeforeTax": "-875624000",
            "incomeTaxExpense": "13039000",
            "interestAndDebtExpense": "118851000",
            "netIncomeFromContinuingOperations": "-888663000",
            "comprehensiveIncomeNetOfTax": "-892197000",
            "ebit": "-756773000",
            "ebitda": "-334183000",
            "netIncome": "-888663000"
        },
        {
            "fiscalDateEnding": "2014-12-31",
            "reportedCurrency": "USD",
            "grossProfit": "881671000",
            "totalRevenue": "3198356000",
            "costOfRevenue": "2316685000",
            "costofGoodsAndServicesSold": "2332294000",
            "operatingIncome": "-186689000",
            "sellingGeneralAndAdministrative": "603660000",
            "researchAndDevelopment": "464700000",
            "operatingExpenses": "1068360000",
            "investmentIncomeNet": "1126000",
            "netInterestIncome": "-100886000",
            "interestIncome": "None",
            "interestExpense": "100886000",
            "nonInterestIncome": "1891000",
            "otherNonOperatingIncome": "1813000",
            "depreciation": "63105000",
            "depreciationAndAmortization": "231931000",
            "incomeBeforeTax": "-284636000",
            "incomeTaxExpense": "9404000",
            "interestAndDebtExpense": "100886000",
            "netIncomeFromContinuingOperations": "-294040000",
            "comprehensiveIncomeNetOfTax": "-294062000",
            "ebit": "-183750000",
            "ebitda": "48181000",
            "netIncome": "-294040000"
        },
        {
            "fiscalDateEnding": "2013-12-31",
            "reportedCurrency": "USD",
            "grossProfit": "456262000",
            "totalRevenue": "217070000",
            "costOfRevenue": "1557234000",
            "costofGoodsAndServicesSold": "1565882000",
            "operatingIncome": "-61283000",
            "sellingGeneralAndAdministrative": "285569000",
            "researchAndDevelopment": "231976000",
            "operatingExpenses": "517545000",
            "investmentIncomeNet": "189000",
            "netInterestIncome": "-32934000",
            "interestIncome": "None",
            "interestExpense": "32934000",
            "nonInterestIncome": "-3655000",
            "otherNonOperatingIncome": "22602000",
            "depreciation": "17171000",
            "depreciationAndAmortization": "106083000",
            "incomeBeforeTax": "-71426000",
            "incomeTaxExpense": "2588000",
            "interestAndDebtExpense": "32934000",
            "netIncomeFromContinuingOperations": "-74014000",
            "comprehensiveIncomeNetOfTax": "-74014000",
            "ebit": "-38492000",
            "ebitda": "67591000",
            "netIncome": "-74014000"
        },
        {
            "fiscalDateEnding": "2012-12-31",
            "reportedCurrency": "USD",
            "grossProfit": "30067000",
            "totalRevenue": "413256000",
            "costOfRevenue": "383189000",
            "costofGoodsAndServicesSold": "388118000",
            "operatingIncome": "-394283000",
            "sellingGeneralAndAdministrative": "150372000",
            "researchAndDevelopment": "273978000",
            "operatingExpenses": "424350000",
            "investmentIncomeNet": "288000",
            "netInterestIncome": "-254000",
            "interestIncome": "None",
            "interestExpense": "254000",
            "nonInterestIncome": "2096000",
            "otherNonOperatingIncome": "-1828000",
            "depreciation": "None",
            "depreciationAndAmortization": "28825000",
            "incomeBeforeTax": "-396077000",
            "incomeTaxExpense": "136000",
            "interestAndDebtExpense": "254000",
            "netIncomeFromContinuingOperations": "-396213000",
            "comprehensiveIncomeNetOfTax": "-396210000",
            "ebit": "-395823000",
            "ebitda": "-366998000",
            "netIncome": "-396213000"
        },
        {
            "fiscalDateEnding": "2011-12-31",
            "reportedCurrency": "USD",
            "grossProfit": "61595000",
            "totalRevenue": "204242000",
            "costOfRevenue": "142647000",
            "costofGoodsAndServicesSold": "144475000",
            "operatingIncome": "-251488000",
            "sellingGeneralAndAdministrative": "104102000",
            "researchAndDevelopment": "208981000",
            "operatingExpenses": "313083000",
            "investmentIncomeNet": "255000",
            "netInterestIncome": "-43000",
            "interestIncome": "None",
            "interestExpense": "43000",
            "nonInterestIncome": "2655000",
            "otherNonOperatingIncome": "-2646000",
            "depreciation": "None",
            "depreciationAndAmortization": "16919000",
            "incomeBeforeTax": "-253922000",
            "incomeTaxExpense": "489000",
            "interestAndDebtExpense": "43000",
            "netIncomeFromContinuingOperations": "-254411000",
            "comprehensiveIncomeNetOfTax": "-254414000",
            "ebit": "-253879000",
            "ebitda": "-236960000",
            "netIncome": "-254411000"
        }
    ],
    "overview": {
        "Symbol": "TSLA",
        "AssetType": "Common Stock",
        "Name": "Tesla Inc",
        "Description": "Tesla, Inc. is an American electric vehicle and clean energy company based in Palo Alto, California. Tesla's current products include electric cars, battery energy storage from home to grid-scale, solar panels and solar roof tiles, as well as other related products and services. In 2020, Tesla had the highest sales in the plug-in and battery electric passenger car segments, capturing 16% of the plug-in market (which includes plug-in hybrids) and 23% of the battery-electric (purely electric) market. Through its subsidiary Tesla Energy, the company develops and is a major installer of solar photovoltaic energy generation systems in the United States. Tesla Energy is also one of the largest global suppliers of battery energy storage systems, with 3 GWh of battery storage supplied in 2020.",
        "CIK": "1318605",
        "Exchange": "NASDAQ",
        "Currency": "USD",
        "Country": "USA",
        "Sector": "MANUFACTURING",
        "Industry": "MOTOR VEHICLES & PASSENGER CAR BODIES",
        "Address": "3500 DEER CREEK RD, PALO ALTO, CA, US",
        "OfficialSite": "https://www.tesla.com",
        "FiscalYearEnd": "December",
        "LatestQuarter": "2024-06-30",
        "MarketCapitalization": "735693570000",
        "EBITDA": "12178000000",
        "PERatio": "64.69",
        "PEGRatio": "3.323",
        "BookValue": "20.81",
        "DividendPerShare": "None",
        "DividendYield": "None",
        "EPS": "3.56",
        "RevenuePerShareTTM": "29.93",
        "ProfitMargin": "0.13",
        "OperatingMarginTTM": "0.0858",
        "ReturnOnAssetsTTM": "0.0442",
        "ReturnOnEquityTTM": "0.209",
        "RevenueTTM": "95318000000",
        "GrossProfitTTM": "20853000000",
        "DilutedEPSTTM": "3.56",
        "QuarterlyEarningsGrowthYOY": "-0.462",
        "QuarterlyRevenueGrowthYOY": "0.023",
        "AnalystTargetPrice": "210.87",
        "AnalystRatingStrongBuy": "7",
        "AnalystRatingBuy": "12",
        "AnalystRatingHold": "20",
        "AnalystRatingSell": "8",
        "AnalystRatingStrongSell": "4",
        "TrailingPE": "64.69",
        "ForwardPE": "72.99",
        "PriceToSalesRatioTTM": "7.72",
        "PriceToBookRatio": "11.07",
        "EVToRevenue": "7.53",
        "EVToEBITDA": "55.5",
        "Beta": "2.29",
        "52WeekHigh": "273.93",
        "52WeekLow": "138.8",
        "50DayMovingAverage": "224.12",
        "200DayMovingAverage": "202.48",
        "SharesOutstanding": "3194640000",
        "DividendDate": "None",
        "ExDividendDate": "None"
    }
}