{
    "income_statement": [
        {
            "fiscalDateEnding": "2024-01-31",
            "reportedCurrency": "USD",
            "grossProfit": "157983000000",
            "totalRevenue": "648125000000",
            "costOfRevenue": "490142000000",
            "costofGoodsAndServicesSold": "490142000000",
            "operatingIncome": "27012000000",
            "sellingGeneralAndAdministrative": "130971000000",
            "researchAndDevelopment": "None",
            "operatingExpenses": "131726000000",
            "investmentIncomeNet": "546000000",
            "netInterestIncome": "-2137000000",
            "interestIncome": "448000000",
            "interestExpense": "2585000000",
            "nonInterestIncome": "642637000000",
            "otherNonOperatingIncome": "None",
            "depreciation": "None",
            "depreciationAndAmortization": "755000000",
            "incomeBeforeTax": "21089000000",
            "incomeTaxExpense": "5578000000",
            "interestAndDebtExpense": "2585000000",
            "netIncomeFromContinuingOperations": "16270000000",
            "comprehensiveIncomeNetOfTax": "15889000000",
            "ebit": "27012000000",
            "ebitda": "24429000000",
            "netIncome": "15511000000"
        },
        {
            "fiscalDateEnding": "2023-01-31",
            "reportedCurrency": "USD",
            "grossProfit": "147568000000",
            "totalRevenue": "611289000000",
            "costOfRevenue": "463721000000",
            "costofGoodsAndServicesSold": "463721000000",
            "operatingIncome": "20428000000",
            "sellingGeneralAndAdministrative": "127140000000",
            "researchAndDevelopment": "None",
            "operatingExpenses": "127736000000",
            "investmentIncomeNet": "254000000",
            "netInterestIncome": "-1874000000",
            "interestIncome": "169000000",
            "interestExpense": "2043000000",
            "nonInterestIncome": "605881000000",
            "otherNonOperatingIncome": "-1538000000",
            "depreciation": "None",
            "depreciationAndAmortization": "596000000",
            "incomeBeforeTax": "17404000000",
            "incomeTaxExpense": "5724000000",
            "interestAndDebtExpense": "2043000000",
            "netIncomeFromContinuingOperations": "11292000000",
            "comprehensiveIncomeNetOfTax": "10028000000",
            "ebit": "20428000000",
            "ebitda": "20043000000",
            "netIncome": "11680000000"
        },
        {
            "fiscalDateEnding": "2022-01-31",
            "reportedCurrency": "USD",
            "grossProfit": "143754000000",
            "totalRevenue": "572754000000",
            "costOfRevenue": "429000000000",
            "costofGoodsAndServicesSold": "429000000000",
            "operatingIncome": "25942000000",
            "sellingGeneralAndAdministrative": "117812000000",
            "researchAndDevelopment": "None",
            "operatingExpenses": "118810000000",
            "investmentIncomeNet": "158000000",
            "netInterestIncome": "-1836000000",
            "interestIncome": "70000000",
            "interestExpense": "1906000000",
            "nonInterestIncome": "564929000000",
            "otherNonOperatingIncome": "-5410000000",
            "depreciation": "None",
            "depreciationAndAmortization": "565000000",
            "incomeBeforeTax": "18429000000",
            "incomeTaxExpense": "4756000000",
            "interestAndDebtExpense": "4306000000",
            "netIncomeFromContinuingOperations": "13940000000",
            "comprehensiveIncomeNetOfTax": "16673000000",
            "ebit": "25942000000",
            "ebitda": "20900000000",
            "netIncome": "13673000000"
        },
        {
            "fiscalDateEnding": "2021-01-31",
            "reportedCurrency": "USD",
            "grossProfit": "138836000000",
            "totalRevenue": "559151000000",
            "costOfRevenue": "420315000000",
            "costofGoodsAndServicesSold": "420315000000",
            "operatingIncome": "22548000000",
            "sellingGeneralAndAdministrative": "116288000000",
            "researchAndDevelopment": "None",
            "operatingExpenses": "125272000000",
            "investmentIncomeNet": "121000000",
            "netInterestIncome": "-2194000000",
            "interestIncome": "80000000",
            "interestExpense": "2274000000",
            "nonInterestIncome": "546832000000",
            "otherNonOperatingIncome": "210000000",
            "depreciation": "None",
            "depreciationAndAmortization": "583000000",
            "incomeBeforeTax": "20368000000",
            "incomeTaxExpense": "6858000000",
            "interestAndDebtExpense": "2274000000",
            "netIncomeFromContinuingOperations": "13706000000",
            "comprehensiveIncomeNetOfTax": "14549000000",
            "ebit": "22548000000",
            "ebitda": "23225000000",
            "netIncome": "13510000000"
        },
        {
            "fiscalDateEnding": "2020-01-31",
            "reportedCurrency": "USD",
            "grossProfit": "129359000000",
            "totalRevenue": "523964000000",
            "costOfRevenue": "394605000000",
            "costofGoodsAndServicesSold": "394605000000",
            "operatingIncome": "20568000000",
            "sellingGeneralAndAdministrative": "108791000000",
            "researchAndDevelopment": "None",
            "operatingExpenses": "109986000000",
            "investmentIncomeNet": "189000000",
            "netInterestIncome": "-2410000000",
            "interestIncome": "158000000",
            "interestExpense": "2568000000",
            "nonInterestIncome": "519911000000",
            "otherNonOperatingIncome": "1958000000",
            "depreciation": "None",
            "depreciationAndAmortization": "480000000",
            "incomeBeforeTax": "19796000000",
            "incomeTaxExpense": "4915000000",
            "interestAndDebtExpense": "2568000000",
            "netIncomeFromContinuingOperations": "15201000000",
            "comprehensiveIncomeNetOfTax": "13618000000",
            "ebit": "20568000000",
            "ebitda": "22844000000",
            "netIncome": "14881000000"
        },
        {
            "fiscalDateEnding": "2019-01-31",
            "reportedCurrency": "USD",
            "grossProfit": "129104000000",
            "totalRevenue": "514405000000",
            "costOfRevenue": "385301000000",
            "costofGoodsAndServicesSold": "385301000000",
            "operatingIncome": "21957000000",
            "sellingGeneralAndAdministrative": "107147000000",
            "researchAndDevelopment": "None",
            "operatingExpenses": "122675000000",
            "investmentIncomeNet": "217000000",
            "netInterestIncome": "-2129000000",
            "interestIncome": "217000000",
            "interestExpense": "2346000000",
            "nonInterestIncome": "505479000000",
            "otherNonOperatingIncome": "-8368000000",
            "depreciation": "None",
            "depreciationAndAmortization": "10678000000",
            "incomeBeforeTax": "10951000000",
            "incomeTaxExpense": "4281000000",
            "interestAndDebtExpense": "2346000000",
            "netIncomeFromContinuingOperations": "6670000000",
            "comprehensiveIncomeNetOfTax": "6745000000",
            "ebit": "21957000000",
            "ebitda": "23975000000",
            "netIncome": "6670000000"
        },
        {
            "fiscalDateEnding": "2018-01-31",
            "reportedCurrency": "USD",
            "grossProfit": "126947000000",
            "totalRevenue": "500343000000",
            "costOfRevenue": "373396000000",
            "costofGoodsAndServicesSold": "373396000000",
            "operatingIncome": "20437000000",
            "sellingGeneralAndAdministrative": "106510000000",
            "researchAndDevelopment": "None",
            "operatingExpenses": "119746000000",
            "investmentIncomeNet": "152000000",
            "netInterestIncome": "-2178000000",
            "interestIncome": "152000000",
            "interestExpense": "2330000000",
            "nonInterestIncome": "-3136000000",
            "otherNonOperatingIncome": "-3136000000",
            "depreciation": "None",
            "depreciationAndAmortization": "10529000000",
            "incomeBeforeTax": "14462000000",
            "incomeTaxExpense": "4600000000",
            "interestAndDebtExpense": "5466000000",
            "netIncomeFromContinuingOperations": "9862000000",
            "comprehensiveIncomeNetOfTax": "13913000000",
            "ebit": "20437000000",
            "ebitda": "27321000000",
            "netIncome": "9862000000"
        },
        {
            "fiscalDateEnding": "2017-01-31",
            "reportedCurrency": "USD",
            "grossProfit": "124617000000",
            "totalRevenue": "485873000000",
            "costOfRevenue": "361256000000",
            "costofGoodsAndServicesSold": "361256000000",
            "operatingIncome": "22764000000",
            "sellingGeneralAndAdministrative": "101853000000",
            "researchAndDevelopment": "None",
            "operatingExpenses": "112064000000",
            "investmentIncomeNet": "100000000",
            "netInterestIncome": "-2267000000",
            "interestIncome": "100000000",
            "interestExpense": "2367000000",
            "nonInterestIncome": "0",
            "otherNonOperatingIncome": "None",
            "depreciation": "None",
            "depreciationAndAmortization": "10080000000",
            "incomeBeforeTax": "19847000000",
            "incomeTaxExpense": "6204000000",
            "interestAndDebtExpense": "2367000000",
            "netIncomeFromContinuingOperations": "13643000000",
            "comprehensiveIncomeNetOfTax": "11008000000",
            "ebit": "22764000000",
            "ebitda": "32294000000",
            "netIncome": "13643000000"
        },
        {
            "fiscalDateEnding": "2016-01-31",
            "reportedCurrency": "USD",
            "grossProfit": "121146000000",
            "totalRevenue": "482130000000",
            "costOfRevenue": "360984000000",
            "costofGoodsAndServicesSold": "360984000000",
            "operatingIncome": "24105000000",
            "sellingGeneralAndAdministrative": "97041000000",
            "researchAndDevelopment": "None",
            "operatingExpenses": "106766000000",
            "investmentIncomeNet": "81000000",
            "netInterestIncome": "-2467000000",
            "interestIncome": "81000000",
            "interestExpense": "2548000000",
            "nonInterestIncome": "0",
            "otherNonOperatingIncome": "None",
            "depreciation": "None",
            "depreciationAndAmortization": "9454000000",
            "incomeBeforeTax": "21252000000",
            "incomeTaxExpense": "6558000000",
            "interestAndDebtExpense": "2548000000",
            "netIncomeFromContinuingOperations": "14694000000",
            "comprehensiveIncomeNetOfTax": "10265000000",
            "ebit": "24105000000",
            "ebitda": "33254000000",
            "netIncome": "14694000000"
        },
        {
            "fiscalDateEnding": "2015-01-31",
            "reportedCurrency": "USD",
            "grossProfit": "120565000000",
            "totalRevenue": "485651000000",
            "costOfRevenue": "365086000000",
            "costofGoodsAndServicesSold": "365086000000",
            "operatingIncome": "27147000000",
            "sellingGeneralAndAdministrative": "93418000000",
            "researchAndDevelopment": "None",
            "operatingExpenses": "102646000000",
            "investmentIncomeNet": "113000000",
            "netInterestIncome": "-2348000000",
            "interestIncome": "113000000",
            "interestExpense": "2461000000",
            "nonInterestIncome": "262000000",
            "otherNonOperatingIncome": "None",
            "depreciation": "None",
            "depreciationAndAmortization": "9173000000",
            "incomeBeforeTax": "24348000000",
            "incomeTaxExpense": "7985000000",
            "interestAndDebtExpense": "2461000000",
            "netIncomeFromContinuingOperations": "16182000000",
            "comprehensiveIncomeNetOfTax": "12191000000",
            "ebit": "27147000000",
            "ebitda": "35982000000",
            "netIncome": "16363000000"
        },
        {
            "fiscalDateEnding": "2014-01-31",
            "reportedCurrency": "USD",
            "grossProfit": "118225000000",
            "totalRevenue": "476294000000",
            "costOfRevenue": "358069000000",
            "costofGoodsAndServicesSold": "358069000000",
            "operatingIncome": "26872000000",
            "sellingGeneralAndAdministrative": "91353000000",
            "researchAndDevelopment": "None",
            "operatingExpenses": "105696000000",
            "investmentIncomeNet": "119000000",
            "netInterestIncome": "-2216000000",
            "interestIncome": "119000000",
            "interestExpense": "2335000000",
            "nonInterestIncome": "None",
            "otherNonOperatingIncome": "None",
            "depreciation": "None",
            "depreciationAndAmortization": "8870000000",
            "incomeBeforeTax": "24127000000",
            "incomeTaxExpense": "8105000000",
            "interestAndDebtExpense": "2335000000",
            "netIncomeFromContinuingOperations": "15918000000",
            "comprehensiveIncomeNetOfTax": "13613000000",
            "ebit": "26872000000",
            "ebitda": "35332000000",
            "netIncome": "16022000000"
        },
        {
            "fiscalDateEnding": "2013-01-31",
            "reportedCurrency": "USD",
            "grossProfit": "116354000000",
            "totalRevenue": "468651000000",
            "costOfRevenue": "352297000000",
            "costofGoodsAndServicesSold": "352488000000",
            "operatingIncome": "27725000000",
            "sellingGeneralAndAdministrative": "88629000000",
            "researchAndDevelopment": "None",
            "operatingExpenses": "102993000000",
            "investmentIncomeNet": "187000000",
            "netInterestIncome": "-2063000000",
            "interestIncome": "262000000",
            "interestExpense": "2325000000",
            "nonInterestIncome": "None",
            "otherNonOperatingIncome": "None",
            "depreciation": "8400000000",
            "depreciationAndAmortization": "8478000000",
            "incomeBeforeTax": "24957000000",
            "incomeTaxExpense": "7958000000",
            "interestAndDebtExpense": "2325000000",
            "netIncomeFromContinuingOperations": "16963000000",
            "comprehensiveIncomeNetOfTax": "17822000000",
            "ebit": "27725000000",
            "ebitda": "35760000000",
            "netIncome": "16999000000"
        },
        {
            "fiscalDateEnding": "2012-01-31",
            "reportedCurrency": "USD",
            "grossProfit": "111516000000",
            "totalRevenue": "446509000000",
            "costOfRevenue": "334993000000",
            "costofGoodsAndServicesSold": "335127000000",
            "operatingIncome": "26491000000",
            "sellingGeneralAndAdministrative": "85025000000",
            "researchAndDevelopment": "None",
            "operatingExpenses": "98425000000",
            "investmentIncomeNet": "162000000",
            "netInterestIncome": "-2159000000",
            "interestIncome": "163000000",
            "interestExpense": "2322000000",
            "nonInterestIncome": "None",
            "otherNonOperatingIncome": "None",
            "depreciation": "8100000000",
            "depreciationAndAmortization": "8106000000",
            "incomeBeforeTax": "23623000000",
            "incomeTaxExpense": "7924000000",
            "interestAndDebtExpense": "2322000000",
            "netIncomeFromContinuingOperations": "15734000000",
            "comprehensiveIncomeNetOfTax": "13643000000",
            "ebit": "26491000000",
            "ebitda": "34051000000",
            "netIncome": "15699000000"
        },
        {
            "fiscalDateEnding": "2011-01-31",
            "reportedCurrency": "USD",
            "grossProfit": "106903000000",
            "totalRevenue": "421849000000",
            "costOfRevenue": "314946000000",
            "costofGoodsAndServicesSold": "315287000000",
            "operatingIncome": "25542000000",
            "sellingGeneralAndAdministrative": "81361000000",
            "researchAndDevelopment": "None",
            "operatingExpenses": "93186000000",
            "investmentIncomeNet": "201000000",
            "netInterestIncome": "-2004000000",
            "interestIncome": "201000000",
            "interestExpense": "2205000000",
            "nonInterestIncome": "None",
            "otherNonOperatingIncome": "None",
            "depreciation": "7600000000",
            "depreciationAndAmortization": "7641000000",
            "incomeBeforeTax": "23968000000",
            "incomeTaxExpense": "7579000000",
            "interestAndDebtExpense": "2205000000",
            "netIncomeFromContinuingOperations": "15355000000",
            "comprehensiveIncomeNetOfTax": "17105000000",
            "ebit": "25542000000",
            "ebitda": "33814000000",
            "netIncome": "16389000000"
        },
        {
            "fiscalDateEnding": "2010-01-31",
            "reportedCurrency": "USD",
            "grossProfit": "103979000000",
            "totalRevenue": "408085000000",
            "costOfRevenue": "304106000000",
            "costofGoodsAndServicesSold": "304657000000",
            "operatingIncome": "24002000000",
            "sellingGeneralAndAdministrative": "79977000000",
            "researchAndDevelopment": "None",
            "operatingExpenses": "88829000000",
            "investmentIncomeNet": "181000000",
            "netInterestIncome": "-1884000000",
            "interestIncome": "181000000",
            "interestExpense": "2065000000",
            "nonInterestIncome": "None",
            "otherNonOperatingIncome": "None",
            "depreciation": "None",
            "depreciationAndAmortization": "7157000000",
            "incomeBeforeTax": "21526000000",
            "incomeTaxExpense": "7156000000",
            "interestAndDebtExpense": "2065000000",
            "netIncomeFromContinuingOperations": "14449000000",
            "comprehensiveIncomeNetOfTax": "16988000000",
            "ebit": "24002000000",
            "ebitda": "30748000000",
            "netIncome": "14370000000"
        }
    ],
    "overview": {
        "Symbol": "WMT",
        "AssetType": "Common Stock",
        "Name": "Walmart Inc",
        "Description": "Walmart Inc. is an American multinational retail corporation that operates a chain of hypermarkets, discount department stores, and grocery stores from the United States, headquartered in Bentonville, Arkansas. It also owns and operates Sam's Club retail warehouses.",
        "CIK": "104169",
        "Exchange": "NYSE",
        "Currency": "USD",
        "Country": "USA",
        "Sector": "TRADE & SERVICES",
        "Industry": "RETAIL-VARIETY STORES",
        "Address": "702 SOUTHWEST 8TH ST, BENTONVILLE, AR, US",
        "OfficialSite": "https://corporate.walmart.com",
        "FiscalYearEnd": "January",
        "LatestQuarter": "2024-07-31",
        "MarketCapitalization": "647882932000",
        "EBITDA": "40779002000",
        "PERatio": "41.98",
        "PEGRatio": "3.221",
        "BookValue": "10.51",
        "DividendPerShare": "0.795",
        "DividendYield": "0.0104",
        "EPS": "1.92",
        "RevenuePerShareTTM": "82.5",
        "ProfitMargin": "0.0234",
        "OperatingMarginTTM": "0.0469",
        "ReturnOnAssetsTTM": "0.0695",
        "ReturnOnEquityTTM": "0.185",
        "RevenueTTM": "665035014000",
        "GrossProfitTTM": "147568000000",
        "DilutedEPSTTM": "1.92",
        "QuarterlyEarningsGrowthYOY": "-0.423",
        "QuarterlyRevenueGrowthYOY": "0.048",
        "AnalystTargetPrice": "80.76",
        "AnalystRatingStrongBuy": "11",
        "AnalystRatingBuy": "26",
        "AnalystRatingHold": "3",
        "AnalystRatingSell": "0",
        "AnalystRatingStrongSell": "0",
        "TrailingPE": "41.98",
        "ForwardPE": "33.0",
        "PriceToSalesRatioTTM": "0.974",
        "PriceToBookRatio": "7.67",
        "EVToRevenue": "1.053",
        "EVToEBITDA": "18.98",
        "Beta": "0.515",
        "52WeekHigh": "80.69",
        "52WeekLow": "49.37",
        "50DayMovingAverage": "72.37",
        "200DayMovingAverage": "62.33",
        "SharesOutstanding": "8038250000",
        "DividendDate": "2025-01-06",
        "ExDividendDate": "2024-12-12"
    }
}